4072 6284
419 614 735 699 PASPALUM
770 610 1190 694 CONJUGATUM
1225 617 1365 695 Baua.

654 786 721 865 Tr.
755 787 863 865 Diss.
895 787 950 866 II.
981 809 1021 886 p·
1060 790 1131 871 93.

132 1122 289 1201 {laura
322 1140 344 1193 e
377 1115 461 1195 basi
486 1113 619 1206 culmi,
662 1128 728 1192 aut
750 1138 773 1190 e
798 1113 955 1216 singulis
982 1114 1175 1192 stolonum
1201 1112 1368 1193 articulis
1391 1115 1509 1193 fibrae
1544 1109 1660 1191 lasci·

260 1245 432 1337 colatae,
465 1241 719 1335 flexuosulae,
760 1245 990 1356 ramosulae.

133 1418 329 1495 Caunus
364 1423 430 1488 aut
463 1392 636 1503 erectus,
670 1422 736 1487 aut
769 1412 978 1489 humisusus
1011 1425 1167 1512 tumque
1202 1435 1273 1511 per
1305 1410 1504 1488 intervalla
1536 1432 1658 1509 saepe

257 1535 503 1643 bipollicnria
535 1536 716 1616 radiosus
744 1554 789 1617 et
821 1565 844 1616 e
878 1540 1035 1641 singulis
1067 1539 1240 1617 articulis
1272 1562 1403 1616 ramas
1437 1535 1658 1616 lolii-flori·

261 1666 444 1764 serosque
478 1663 676 1762 emittens,
727 1677 830 1743 teres
862 1667 888 1746 l.
927 1668 980 1766 pl.
1021 1667 1112 1743 min.
1131 1689 1414 1767 compressus,
1462 1663 1657 1742 striatulus

261 1806 300 1873 et
332 1793 524 1870 interdum
556 1793 661 1868 sulco
694 1807 869 1888 notatus,
910 1794 1079 1870 semi-
1102 1792 1359 1892 bi·pedalia,
1398 1792 1559 1891 simplex
1593 1800 1659 1864 aut

261 1943 459 2012 ramosus,
495 1920 545 1994 ad
578 1920 724 2014 nodos,
767 1918 972 2020 pauciores
1005 1921 1206 2021 pluresve,
1249 1920 1406 2020 glabros
1440 1930 1506 1995 aut
1538 1919 1656 2015 pube·

259 2064 437 2138 scentes,
471 2069 616 2144 aequus
649 2046 710 2123 rel
743 2047 879 2124 leviter
901 2048 1159 2150 geniculatus,
1199 2051 1269 2124 sub
1292 2047 1457 2123 racemis
1489 2046 1659 2146 plerum·

259 2198 334 2273 que
366 2174 469 2252 haud
499 2171 617 2274 longe
649 2175 788 2252 nudus.

130 2345 348 2421 Vrorurr
388 2344 438 2420 ad
477 2341 588 2420 basin
627 2367 747 2443 usque
781 2346 914 2438 fissae,
963 2342 1211 2440 laxiusculae,
1259 2342 1465 2420 rumiferos
1498 2341 1658 2435 hiantes,

233 2469 467 2573 ¹plurimum
516 2495 766 2571 compressae
819 2485 858 2548 et
900 2471 1187 2562 subcarinatae,
1252 2472 1430 2572 glabrae,
1486 2470 1655 2559 striatas,

258 2597 372 2674 fauce
405 2597 596 2675 interdum
629 2596 842 2699 pilosulae:
876 2598 1074 2675 inferiores
1109 2598 1322 2675 internodio
1356 2599 1408 2698 pl.
1444 2595 1536 2672 min.
1568 2598 1658 2672 bre·

260 2723 409 2818 viores,
443 2723 663 2826 superiores
683 2727 886 2826 elongatae
910 2727 1048 2802 eodem
1066 2723 1274 2826 longiores.
1340 2727 1529 2801 Luouua
1553 2745 1656 2799 mar·

259 2875 313 2954 go
349 2851 638 2955 angustissimus
672 2853 960 2947 transversalis,
1004 2853 1244 2934 barbatulus.
1366 2904 1371 2915 -

129 3022 275 3098 Poura
300 3021 453 3122 patula,
485 3018 892 3114 lineari-lanceolata,
926 3036 1058 3116 acuta,
1092 3022 1288 3121 planaant
1310 3021 1394 3099 basi
1418 3042 1656 3122 compressa,

258 3151 407 3250 majora
442 3145 566 3222 medio
601 3140 782 3246 pollicem
815 3147 1009 3223 dimidium
1044 3150 1143 3242 lata,
1184 3149 1321 3248 glabra
1356 3162 1441 3240 aut,
1474 3171 1654 3248 praescr·

256 3274 325 3352 tim
352 3274 529 3377 juniora,
567 3274 752 3367 ciliatula,
784 3275 959 3377 margine
993 3274 1164 3376 hispida,
1199 3276 1353 3369 striata,
1386 3300 1507 3352 nervo
1530 3272 1655 3349 medio

258 3401 352 3501 satis
384 3399 489 3480 tenui
522 3424 613 3476 mox
645 3415 930 3483 evanescente:
982 3401 1095 3479 culmi
1128 3399 1311 3501 simplicis
1338 3401 1519 3476 breviora
1554 3409 1656 3489 (ses-

259 3529 322 3626 qui
347 3526 752 3628 -bi-pollicaria),
796 3529 939 3604 ramosi
974 3530 1150 3630 longiora
1188 3529 1463 3629 (spithamaea,
1506 3525 1655 3625 palma·
1703 3565 1707 3571 ·

255 3655 360 3748 ria);
403 3678 623 3755 supremum
658 3655 881 3755 plerumque
914 3650 1118 3756 perbreve.

128 3824 319 3902 Racrnr
352 3806 579 3923 plerumque
617 3834 663 3915 2,
710 3822 925 3925 conjugati,
975 3826 1045 3900 sed
1079 3836 1118 3900 et
1150 3827 1266 3926 paulo
1310 3829 1360 3903 ab
1393 3823 1556 3901 invicem
1589 3846 1653 3898 re·

255 3950 347 4025 moti
389 3972 454 4026 aut
496 3949 595 4024 terni
630 3963 865 4026 occurrunt:
915 3950 1089 4027 omnibus
1131 3979 1271 4054 parum
1313 3953 1443 4030 dissita
1486 3949 1653 4040 alternis,

135 4077 137 4080 ’
252 4077 313 4153 vel
356 4079 503 4152 duobus
538 4078 751 4178 conjugatis
785 4102 871 4152 cum
904 4078 1018 4153 tertio
1053 4078 1223 4157 inferiori
1258 4093 1437 4175 remoto;
1484 4077 1653 4177 primurn

251 4204 391 4295 erecti,
443 4205 598 4279 demum
642 4216 818 4304 patentes
859 4217 898 4281 et
938 4207 1208 4304 patentissimi,
1263 4207 1301 4282 in
1342 4205 1479 4282 minori
1518 4205 1652 4304 planta

252 4330 520 4431 bipollicarea,
561 4331 599 4405 in
632 4332 768 4434 majori
803 4355 923 4432 saepe
957 4333 1201 4431 spithamuei,
1249 4332 1651 4410 flavo-virescentes.

122 4501 232 4576 Axis
269 4523 517 4573 vanrrrrurs
553 4500 723 4593 linearis,
766 4526 909 4599 aequus
943 4503 1003 4577 vel
1038 4529 1172 4602 parum
1207 4502 1456 4591 flexuosulus,
1503 4498 1649 4599 glaber,

250 4629 367 4700 dorso
406 4626 719 4702 conveuinsculus
753 4641 792 4702 et
825 4631 952 4705 nervis
988 4630 1105 4706 tribus
1140 4644 1311 4720 notatus,
1364 4650 1526 4723 quorum
1568 4647 1648 4697 me·

256 4752 335 4827 dius
383 4768 533 4828 retusus
585 4756 729 4830 sulcum
774 4754 932 4848 format,
995 4757 1163 4855 apiculas
1213 4754 1410 4831 latitudine
1463 4763 1646 4848 aequans,
