4072 6284
386 543 707 624 PASPALUM
743 543 1074 666 GUTTnTUM·
1124 542 1332 623 Tenus.
1366 544 1419 621 Il.
1450 567 1490 642 ρ.
1531 551 1607 627 91³..

172 983 176 988 Ι
237 874 393 956 Rasin
422 873 646 981 ecaespitis
677 873 761 956 basi
791 873 943 982 lignosa
953 878 1127 957 modos’a
1160 887 1199 957 et
1231 874 1610 977 tomentum-pilosa
1630 872 1768 953 *fibrae

364 1030 542 1109 sparsae,
574 1005 781 1086 flexuosae.

237 1173 432 1250 Cusmus
465 1186 639 1268 erectus,
670 1174 848 1278 gracilis,
877 1176 1077 1281 bipedalis,
1096 1198 1139 1253 et
1165 1163 1297 1267 altion,
1329 1189 1437 1255 teres
1465 1185 1535 1250 aut
1567 1197 1766 1275 compresq

363 1294 574 1396 siusculus,
610 1292 804 1382 striatulus
831 1278 870 1380 et
889 1328 1008 1404 saepe
1030 1304 1118 1380 hinc
1143 1305 1328 1396 sulcatus,
1370 1304 1504 1405 glaber
1527 1316 1611 1392 aut,
1650 1325 1765 1401 prae·

366 1430 499 1507 sertim
536 1429 709 1525 inferne,
764 1431 968 1531 pilosulus,
1028 1432 1076 1506 ad
1116 1433 1240 1507 nodos
1286 1438 1312 1505 4
1346 1435 1485 1507 breves
1526 1440 1567 1505 et
1606 1428 1765 1529 glabros

367 1582 530 1656 aequus.
558 1559 621 1636 vel
669 1557 860 1636 sevissime
902 1556 1160 1661 geniculatus,
1214 1558 1403 1660 simplex,
1446 1556 1547 1634 infra
1585 1577 1769 1635 necemus

369 1683 462 1762 satis
495 1684 608 1790 longe
639 1685 778 1795 nudus

239 1852 458 1930 hossas
497 1855 552 1932 aa
589 1855 704 1935 busin
740 1882 862 1960 usque
894 1862 1034 1955 fissae,-
1076 1858 1329 1956 laxiuscuise‚
1379 1852 1558 1955 striatas,
1591 1859 1776 1961 'giabrse

370 1997 437 2060 aut
474 1984 590 2062 dorso
630 1985 781 2086 apicem
822 2012 958 2068 versus
996 1994 1050 2090 pi.
1090 1993 1183 2067 min.
1215 1991 1394 2090 pilosae:
1445 1990 1598 2064 infimae
1638 1988 1777 2087 plures·

373 2112 598 2207 consertae,
638 2111 888 2210 imbricatae,
933 2118 1164 2197 vetustiores
1197 2120 1386 2213 deustae3
1431 2115 1652 2216 superiores
1686 2113 1774 2205 lone

370 2234 516 2340 gisnes,
551 2238 769 2321 internodio
793 2242 845 2347 pl.
871 2241 961 2323 min.
988 2247 1201 2324 breviores.
1267 2246 1451 2322 Lmum
1483 2266 1621 2344 margo
1649 2257 1774 2316 trans·

373 2367 537 2446 versaIIs
571 2370 874 2472 angustissimum,
921 2364 1008 2475 pilis
1049 2366 1234 2454 brevibus
1272 2365 1511 2452 densiuscule
1555 2380 1783 2462 coronatus,

369 2495 548 2594 utrinque
581 2501 632 2575 ad
666 2498 833 2602 vaginae
866 2503 1017 2580 faucem
1050 2503 1151 2604 pilos
1183 2502 1377 2607 iongiores
1409 2523 1606 2578 exserens.

245 2666 398 2743 foma
434 2681 586 2763 erecta,
640 2667 823 2763 linearia,
879 2687 1063 2775 angusta,
1116 2657 1337 2766 attenuata,
1392 2673 1508 2774 longe
1549 2673 1783 2770 plerumque·

376 2796 568 2887 involuta,
616 2797 772 2890 striata,
820 2816 888 2877 ant
919 2814 999 2877 tota
1033 2802 1199 2904 glabra,'
1242 2807 1310 2877 aut‘
1341 2798 1389 2875 ad
1432 2800 1627 2902 margines
1668 2796 1783 2873 basin·

378 2949 532 3015 versus,
567 2939 632 3002 aut
664 2926 783 3004 dorso
817 2928 985 3028 undique
1019 2930 1071 3029 pl'.
1108 2933 1199 3006 min.
1234 2930 1387 3029 pilosa:
1427 2927 1558 3003 infima
1591 2941 1630 3002 et
1663 2923 1778 3001 fasci·

380 3053 550 3128 culusum
571 3042 1032 3154 uitrapedali·a·‚‘cuimea
1065 3057 1246 3136 inferiora
1280 3047 1544 3152 comannis,
1577 3053 1784 3156 superiora

376 3181 545 3274 minora,
589 3205 812 3284 supremum
845 3183 1142 3285 semipullicare.

250 3351 451 3431 Discum·
478 3350 545 3441 (im
563 3354 833 3454 speciminibus
858 3356 1028 3447 nostris)
1054 3367 1119 3431 aut
1152 3354 1229 3431 bini
1262 3355 1553 3459 subconjugati,
1595 3366 1660 3432 aut
1693 3369 1788 3430 cum·

377 3478 489 3556 tertis
533 3480 571 3557 in
613 3482 673 3558 axi
716 3485 909 3560 communi
949 3478 1104 3562 circiter
1146 3476 1362 3559 salineafi'
1398 3476 1580 3563 sulcato·
1599 3482 1787 3586 angulata

379 3624 419 3685 et
452 3607 717 3688 hirsutiusculo
751 3609 964 3704 termina-li,
1013 3624 1105 3690 3-
1126 3610 1414 3714 apollinares,
1455 3606 1781 3699 contractiusculi‚

382 3736 504 3837 paulo·
531 3750 733 3818 nutantes

251 3908 363 3985 Axrs
388 3885 636 3987 nanninus
655 3911 830 4004 linearis,
865 3910 1077 4006 flexuosus,
1110 3905 1264 4011 spiculis
1283 3911 1633 4012 paulo‘angustior‚
1667 3910 1792 3986 dorso·

383 4037 542 4138 planus,
593 4042 810 4140 pubescens
844 4052 886 4117 et
915 4041 1042 4117 medio
1078 4052 1200 4116 nerv'o
1237 4040 1436 4117 iatiusculo
1478 4040 1671 4140 planoque
1715 4062 1785 4113 nu·

383 4177 506 4256 tatus,
547 4167 672 4246 nome
706 4171 755 4245 ob
787 4193 950 4266 nervum
983 4171 1151 4244 medium
1184 4166 1223 4242 in
1257 4170 1524 4244 membranam
1557 4167 1791 4266 productum

385 4296 886 4399 excavato-triangularis,
921 4296 969 4372 ad
994 4311 1151 4397 'septum
1188 4297 1311 4373 hocce
1345 4308 1384 4373 et
1417 4296 1467 4370 ad
1502 4294 1694 4396 margines
1728 4292 1787 4391 pi·

384 4421 547 4514 losulus,
603 4424 780 4524 utrinqne
823 4427 878 4500 ad'
907 4441 1061 4525 septum
1102 4424 1320 4500 alternatim
1363 4422 1539 4502 emittens
1572 4415 1788 4497 namesa-

386 4575 467 4628 sus
499 4551 772 4647 brevissimos,
814 4553 898 4654 pilis
929 4551 1178 4656 longiusculis
1212 4552 1400 4653 stipatos,
1441 4549 1641 4627 unifloros.

261 4724 493 4805 Ssicunia
527 4723 694 4829 eliiptico
711 4769 726 4788 ·
746 4726 954 4830 oblongae,
990 4723 1270 4822 acutiusculae,
1309 4721 1437 4826 sesqui
1460 4762 1512 4782 ·-
1534 4720 1573 4801 bi
1589 4761 1606 4830 ⁶.
1621 4718 1798 4800 lineales
