4072 6284
355 715 681 793 PASPALUM
732 713 1124 790 MACULOSUM
1187 717 1253 791 Tr.
1292 715 1402 793 Das.
1437 717 1492 794 II.
1537 740 1580 817 p.
1617 728 1690 803 98.

359 1018 390 1091 Α
438 1015 652 1092 Pnsrnuo
702 1039 894 1090 uornro
942 1017 1027 1112 (qu.
1061 1013 1160 1106 rid.)
1207 1039 1286 1091 non
1327 1012 1400 1092 nisi
1432 1015 1543 1092 axilla
1576 1043 1821 1097 racemorum

231 1146 398 1222 barbata
431 1158 471 1218 et
503 1142 657 1242 spiculis
697 1141 1114 1242 oboram-oblongis,
1164 1141 1498 1240 flavo-fuscoque
1531 1145 1731 1223 maculatis
1765 1145 1824 1221 di·

232 1294 412 1364 versum,
461 1293 534 1344 nec
570 1279 675 1344 certe
709 1268 780 1344 nisi
814 1267 986 1368 ejusdem
1019 1267 1209 1359 varietas,
1261 1269 1414 1365 qualem
1448 1269 1558 1345 etin
1592 1271 1678 1371 ipso
1711 1271 1823 1347 Will-

233 1397 391 1472 denowii
425 1395 605 1472 herbario
637 1420 710 1496 pro
758 1395 922 1496 genuino
965 1396 1007 1470 P.
1044 1419 1236 1470 morare
1269 1398 1436 1491 Pliiqqei
1485 1410 1666 1494 prostare
1714 1410 1824 1498 post·

233 1548 282 1601 ea
324 1525 480 1599 edoctus
532 1546 629 1600 sum.
704 1525 803 1599 Ares
838 1521 1050 1623 partiales,
1098 1523 1214 1598 dorso
1250 1524 1372 1612 susci,
1421 1523 1546 1598 fronte
1579 1523 1736 1624 pallidi,
1784 1524 1824 1600 in

233 1648 501 1750 speciminibus
536 1674 559 1725 a
592 1673 654 1727 me
688 1649 779 1726 visis
821 1653 872 1726 ob
913 1648 1080 1748 spiculus
1123 1647 1358 1725 abortientes
1402 1648 1653 1748 minimasque
1688 1648 1824 1747 quibus

231 1777 316 1854 basi
350 1775 460 1851 obsiti
494 1789 607 1870 sunt,
655 1777 781 1877 primo
815 1777 950 1854 intuitu
986 1773 1124 1851 brevi·
1144 1773 1388 1874 pedunculati
1422 1775 1610 1851 videntur.
1663 1776 1826 1874 'Spicu-

233 1903 294 1979 lae
327 1902 467 1978 lineam
501 1904 651 2005 longae.
720 1906 861 1980 Gluma
893 1903 1052 1979 maculis
1085 1901 1200 1978 luscis
1233 1899 1502 2001 paucioribus,
1545 1901 1698 1979 valvula
1730 1901 1824 1979 flos·

235 2029 310 2109 culi
342 2029 511 2106 neutrius
546 2030 742 2129 pluribus,
792 2031 913 2127 iisque
956 2031 1181 2130 plerumque
1215 2027 1522 2124 confluentibus,
1569 2042 1705 2109 notata
1737 2052 1824 2106 esse

235 2155 345 2235 solet.
410 2157 762 2260 Hermaphroditus
795 2158 911 2235 dilute
944 2157 1088 2233 viridis.

469 2739 479 2753 '
541 2740 727 2817 Frouun
782 2763 842 2815 an
888 2765 1128 2818 sracrracn
1178 2739 1516 2816 Bnnsrurnnsr.

291 3003 294 3007 .
352 2941 390 3024 ι)
412 2934 557 3025 Spicula.
649 2938 685 3018 a)
708 2935 830 3002 Gluma
852 2935 1018 3022 superior.
1109 2929 1147 3018 3)
1175 2931 1352 2999 Flosculus
1375 2935 1505 2994 neuter.
1616 2922 1653 3010 4)
1685 2926 1824 2995 Herma·

239 3043 428 3136 phroditus.
540 3040 575 3125 5)
611 3041 771 3130 Ejusdem
795 3043 928 3113 vulvula
951 3042 1106 3133 superior
1131 3063 1209 3109 cum
1233 3039 1380 3107 lodicula
1405 3046 1438 3104 st
1460 3033 1620 3122 germino.
