4072 6284
155 640 158 645 .
198 584 509 669 narras-rs
542 560 966 671 ornaurrusrs
1000 615 1035 665 a.
1080 588 1147 667 rr.
1181 590 1289 670 aas.
1322 591 1376 670 rr.
1406 615 1448 692 ρ.
1485 593 1596 672 aar:

127 878 291 1053 §tm
309 938 345 999 .0
377 866 497 1003 culmi
524 913 607 993 basi
639 920 947 1016 (nonnumquam
972 917 1181 1008 nodulosa)
1215 919 1335 995 librae
1371 916 1516 1017 aliquot
1547 912 1664 994 fasci·

170 1052 197 1083 '²²
261 1042 435 1157 curiatae,
468 1040 769 1139 crassiusoulae,
804 1045 966 1123 albidae.

113 1316 116 1321 Ι
173 1234 334 1293 uenus
358 1210 855 1309 &candendo-erectus,
904 1219 1002 1287 1-
1026 1222 1051 1288 2
1074 1210 1277 1311 ·pedalis,
1317 1210 1468 1289 inferne
1504 1213 1662 1314 genicu-

260 1338 360 1415 latus
394 1346 433 1413 et
464 1346 659 1432 ramosus,
708 1339 821 1416 nodis
859 1346 883 1414 4
918 1338 1218 1416 luscescentibus
1251 1337 1381 1415 semi·
1414 1340 1477 1415 vel
1509 1338 1662 1437 sesqui·

256 1462 479 1557 linealibus,
519 1465 821 1560 scabriusculus',
855 1467 1151 1566 subaugulatus,
1184 1464 1237 1564 pl.
1271 1466 1363 1543 min.
1397 1488 1658 1567 compressus,

171 1654 174 1661 .
255 1589 340 1671 basi
372 1616 467 1669 vero
492 1588 541 1669 'et
571 1593 685 1693 apice
715 1607 837 1686 teres,
871 1596 942 1669 sub
967 1595 1099 1690 thyrso
1127 1591 1274 1693 longius
1298 1593 1501 1671 breviusve
1522 1592 1661 1668 nudus.

46 1750 85 1825 ἱ
125 1758 346 1839 hornan
369 1785 490 1862 usque
513 1762 562 1837 ad
581 1761 693 1839 basin
717 1765 849 1856 fissae,
890 1760 1103 1839 internodio
1126 1759 1343 1853 breviores,
1378 1760 1508 1855 laxae,
1543 1781 1658 1859 supe·

260 1890 386 1966 riores
420 1887 562 1965 sensim
598 1889 722 1991 magis
755 1889 949 1984 tumidae,
983 1912 1172 1988 suprema
1202 1887 1544 1979 clavato-inflata,
1579 1886 1659 1963 sul·

196 2004 217 2125 ¹¹
253 2015 572 2110 cato-striatae,
623 2042 774 2095 sursum
809 2016 1106 2118 asperiusculae.
1173 2016 1364 2091 Lroura
1395 2014 1656 2090 tenui-mem·

252 2136 473 2237 branacea,
508 2146 562 2244 pl.
584 2145 677 2223 min.
704 2148 840 2223 obtusa
875 2158 914 2219 et
947 2146 1101 2239 lacera,
1134 2142 1301 2220 culmum
1331 2142 1555 2220 obvolvens.

126 2318 270 2395 Fossa
303 2313 752 2408 lanceolam-linearia,
787 2324 1004 2403 attenuata,
1042 2310 1179 2411 plana,
1213 2335 1288 2411 pro
1316 2311 1473 2410 plantae
1506 2319 1655 2386 statura

254 2441 376 2518 lineas
411 2450 435 2516 2
463 2478 516 2496 -·
540 2442 562 2515 5
601 2439 699 2534 lata,
736 2439 787 2536 pl,
815 2441 907 2517 min.
938 2462 1099 2540 aspera,
1134 2436 1653 2540 digitalis—spithamaea,

252 2566 386 2669 patula
418 2579 458 2643 et
490 2567 676 2667 patentia.

126 2688 367 2817 Tartesos*
381 2750 520 2817 ovatus
551 2740 614 2816 vel
648 2739 1009 2842 oblongo-ovatus,
1043 2737 1204 2830 densus,
1235 2737 1289 2837 pl.
1322 2735 1413 2814 min.
1447 2731 1652 2837 polliceris,

250 2892 273 2944 e
306 2866 428 2985 viridi
451 2880 490 2944 et
523 2867 609 2945 albo
643 2867 785 2945 varius.

130 3038 234 3115 lxrs
267 3036 483 3141 ungulato·
502 3037 691 3130 sulcatus,
725 3039 883 3132 scaber,
925 3032 1082 3114 radiolis
1114 3032 1349 3110 brevissimis
1383 3032 1521 3110 abasi
1555 3029 1650 3106 divi·

250 3163 304 3245 sis
345 3166 466 3243 dense
500 3162 653 3243 obsitus.
732 3165 999 3242 Pomorum
1034 3160 1145 3262 apice
1177 3159 1454 3263 triangulares,
1501 3157 1650 3237 brevis·

248 3291 346 3371 simi.
1096 3320 1099 3325 ·

130 3456 357 3539 Srrcvrrr
391 3464 599 3558 obovatae,
634 3459 1089 3562 ancipiti-compressae,
1122 3457 1370 3554 imbricatae,
1410 3471 1460 3537 3-
1493 3470 1533 3535 et
1565 3455 1647 3533 sere

254 3598 314 3667 t·
330 3589 503 3669 lineales.

129 3758 324 3851 (luuntur
357 3763 607 3852 chartaceos,
654 3757 915 3851 naviculares,
966 3768 1401 3846 mucronato-acutae,
1453 3754 1644 3853 aequales,

192 3947 197 3955 .
249 3886 432 3987 glabrae,
474 3886 666 3978 albentes,
707 3887 756 3961 ad
789 3906 931 3961 nervos
979 3887 1117 3976 (multo
1152 3885 1262 3961 latius
1295 3910 1388 3959 vero
1422 3883 1471 3957 ad
1504 3883 1642 3958 dorsa·

244 4013 341 4106 lem)
375 4037 542 4113 superne
577 4013 699 4089 fascia
731 4011 843 4087 viridi
874 4025 1052 4106 notatae,
1084 4012 1302 4089 trinerves:
1344 4035 1465 4086 nervo
1499 4007 1643 4084 dorsali

246 4138 428 4234 carinali,
470 4165 494 4217 a
528 4139 611 4216 basi
645 4137 929 4241 angustIssime‚
970 4141 1110 4215 sensim
1142 4139 1251 4216 latius
1282 4140 1383 4215 alato
1417 4137 1642 4211 membrana

244 4267 409 4364 falcata,
442 4267 615 4370 integra,
647 4266 822 4368 margine
857 4266 1078 4344 tenuissime
1099 4265 1358 4360 denticulata;
1382 4263 1519 4341 nervis
1545 4263 1639 4337 late·

245 4394 388 4473 ralibus
422 4395 587 4497 margini
621 4394 880 4495 propioribus.

120 4564 461 4639 Prnranrrrrum
493 4577 667 4658 ovatum,
717 4560 994 4657 acuminatum,
1042 4565 1264 4642 coriaceum
1297 4577 1335 4639 et
1367 4563 1518 4639 demum
1554 4585 1641 4634 oar·

245 4690 480 4795 tilagineum,
526 4692 674 4784 nitens,
722 4691 943 4785 albescens,
987 4717 1272 4791 compressum,
1314 4691 1450 4794 glumis
1484 4687 1637 4764 dimidio
