4072 6284
377 594 499 671 tubus
529 589 666 672 medlla
699 590 989 670 excurrentlbua
1024 587 1061 671 in
1100 588 1258 671 aristam
1296 593 1472 696 planam,
1526 593 1576 671 ad
1612 593 1783 671 medium

380 747 502 821 usque
536 724 685 801 fuscam
719 736 758 797 et
791 735 954 816 tortam,
1002 721 1090 798 dein
1125 722 1380 823 geniculatam
1414 735 1454 799 et
1488 745 1656 822 superne
1688 746 1782 822 apa·

377 835 549 946 diceam,
582 850 735 925 vulvula
765 850 879 950 triplo
907 847 1149 952 longiorem
1184 849 1402 926 lateralibus
1422 848 1598 947 utrinque
1623 849 1662 924 in
1683 848 1782 927 lael·

233 1006 241 1017 ·
377 977 481 1054 niam
513 981 672 1056 brevem
702 978 958 1054 acuminatam
992 981 1329 1056 membranaceum
1363 992 1401 1054 et
1423 978 1721 1076 pubescentem,
1758 1001 1783 1053 e

376 1107 460 1183 baal
494 1107 624 1184 lateris
659 1106 805 1182 externi
839 1107 1074 1208 emittentem
1108 1120 1233 1182 setam
1264 1119 1435 1199 rectam,
1468 1104 1660 1180 valvulam
1695 1104 1783 1180 lon·

252 1323 278 1329 ..
376 1233 544 1334 gitudine
563 1236 643 1310 fere
661 1253 902 1330 aequantem.
987 1234 1164 1312 Vulvula
1181 1237 1362 1332 superior
1381 1231 1626 1334 aequilonga,
1657 1232 1784 1309 linea·

376 1359 451 1456 ris,
491 1358 857 1460 subcondupllcata,
900 1361 1011 1462 apice
1044 1348 1262 1457 bidentata,
1310 1359 1438 1438 disaite
1473 1357 1686 1457 bieostata,
1730 1361 1784 1436 ad

374 1502 506 1568 costas
520 1538 524 1549 ·
540 1476 706 1591 superne
738 1490 842 1565 tenui
859 1532 874 1548 ·
890 1490 1094 1568 fimbriata.

247 1660 537 1738 Lo'nrcuaar
578 1682 762 1755 squamae
804 1660 1013 1762 oblongae,
1063 1673 1266 1742 truncatae
1310 1684 1397 1739 eum
1440 1659 1589 1760 apleulo
1638 1648 1785 1739 cornuss

374 1787 499 1863 formi-
519 1786 716 1882 exteriori,
756 1790 1031 1888 pubescentes,
1073 1789 1207 1868 orario
1241 1789 1450 1868 breviores.

248 1957 482 2035 Oraarura
514 1954 908 2060 lineari-oblongum,
949 1959 1139 2060 glabrum.
1199 1959 1419 2056 Srrur2,
1453 1957 1587 2037 dissiti.
1638 1958 1783 2038 Sarn-

374 2108 499 2160 arara
534 2097 572 2163 et
607 2085 828 2162 Sraaarna
861 2110 941 2164 non
973 2089 1063 2166 virli.
1118 2151 1121 2154 Α

755 2394 1245 2418 w

597 2623 786 2703 Fronaa
825 2653 881 2704 an
914 2652 1153 2708 sanemus
1189 2653 1408 2710 carran.

360 2858 394 2941 r)
418 2849 616 2923 Glumarum
630 2849 743 2916 allera.
795 2850 828 2919 al
844 2851 1020 2920 Flosculus
1034 2853 1209 2922 inferiora
1228 2853 1342 2922 latera.
1393 2849 1432 2938 3)
1455 2852 1599 2921 Valvnla
1620 2856 1783 2929 inferior.

240 2941 281 3031 4)
308 2941 452 3009 Valvula
481 2941 637 3032 superior
663 2960 741 3006 cum
763 2943 906 3010 articulo
930 2942 1080 3012 rachena.
1124 2945 1162 3034 5)
1186 2943 1349 3012 Lodlcula
1371 2951 1405 3011 ol
1425 2943 1588 3012 orarium.
