4072 6284
519 638 802 722 vvurs
851 626 1261 723 vlttstlstclt
1311 630 1414 721 Pur.

751 814 822 895 Tr.
852 810 1028 893 Disal.
1057 834 1099 913 p.
1141 816 1251 891 lob.

1258 1052 1271 1087 Q

239 1147 439 1225 cosmos
468 1170 629 1251 repens,
680 1170 729 1225 ex
761 1145 1090 1225 articulationibus
1123 1140 1369 1245 creberrimis
1404 1142 1497 1222 binc*
1533 1147 1621 1222 inde
1665 1144 1775 1223 fibris

361 1272 593 1378 m'mplicibus
623 1266 827 1371 radicatis,
871 1274 1045 1353 crassitie
1079 1295 1232 1372 pennae
1266 1272 1542 1373 gallinaceos„
1567 1289 1670 1351 teres
1705 1284 1770 1349 aut

365 1402 762 1507 compressiusculus,
791 1405 947 1503 glaber,
975 1386 1290 1487 ¹rarnosissimus:
1332 1402 1453 1478 ramis
1485 1405 1625 1505 insum·
1657 1409 1770 1490 (con-

363 1540 539 1622 tracto)
571 1532 758 1629 ramosis,
792 1524 1066 1624 foliosissimis,
1099 1525 1474 1629 sesquipalmsribus
1492 1506 1639 1611 'e't‘lere
1664 1528 1774 1632 bipe'·

364 1660 534 1753 delibus,
567 1660 729 1760 obliquis
761 1661 825 1738 v'el
859 1658 1081 1762 prostratis.

235 1830 458 1909 lacrmis
489 1824 697 1929 plurimae,
737 1829 985 1922 imbricatae,
1036 1827 1084 1902 ad
1118 1827 1230 1906 basin
1262 1852 1385 1926 usque
1420 1829 1552 1927 fissae,
1602 1832 1775 1933 glabrae,

364 1958 545 2050 striatas,
592 1955 785 2035 interdum
819 1959 996 2036 carinato
1015 1979 1322 2055 -compreasae3
1374 1959 1425 2033 ad
1461 1944 1612 2036 faucem
1646 1960 1773 2037 nudae

361 2086 446 2182 vel,
493 2086 724 2185 praesertim
758 2087 796 2187 in
830 2085 1040 2161 minoribus
1074 2097 1113 2159 et
1148 2085 1419 2187 angustisoliis,
1466 2089 1628 2186 pilosae.
1696 2088 1773 2162 Lr·

366 2237 489 2293 ouri
521 2213 560 2288 in
594 2214 855 2294 humilioribus
888 2212 1079 2306 obsoleta,
1125 2211 1164 2290 iu
1197 2214 1408 2316 majoribus
1443 2215 1542 2291 linea
1579 2218 1739 2293 callosa.

234 2387 389 2464 l'oara
421 2384 606 2479 disticha,
642 2383 829 2483 plurima,
864 2397 995 2461 erecta
1031 2382 1092 2458 rel
1126 2383 1257 2482 patula
1292 2395 1332 2458 et
1354 2384 1547 2483 patentia,
1583 2409 1648 2462 aut
1673 2398 1775 2461 seta·

366 2512 661 2606 eso-involuta,
695 2527 785 2608 aut,
816 2512 1048 2614 praesertim
1082 2509 1120 2585 in
1146 2510 1425 2612 vegetioribus,
1460 2514 1608 2591 inferne
1645 2514 1779 2614 plana,

366 2644 524 2746 glabra,
566 2640 712 2743 rigida,
755 2640 1056 2745 subpungentia,
1101 2641 1260 2740 glauca,
1307 2639 1345 2716 in
1381 2643 1515 2739 planta
1548 2644 1685 2719 minori
1720 2643 1774 2743 pl.

364 2770 456 2847 min.
488 2770 667 2871 pollicem
698 2756 836 2872 longa,
869 2769 910 2845 in
943 2768 1069 2845 altiori
1105 2766 1327 2866 palmaria.

232 2945 363 3022 lusa
392 2962 670 3017 rurasoors
703 2938 898 3039 polliceris
932 2952 972 3011 et
1005 2934 1191 3036 digitalis,
1233 2940 1348 3040 longe
1382 2942 1607 3040 plerumque
1641 2937 1772 3013 oblon-

368 3067 646 3172 go·linearis,
695 3068 832 3143 sedet
879 3076 939 3157 (ut
977 3061 1015 3137 in
1057 3065 1179 3165 figura
1214 3075 1366 3154 nos-tra)
1419 3068 1778 3167 lineari-oblonga

366 3197 445 3274 imo
479 3180 650 3299 oblonga
680 3209 848 3289 tautum,
879 3207 1101 3288 contracta,
1135 3192 1257 3271 minus
1289 3197 1459 3300 magisve
1493 3195 1713 3272 multiflora.

229 3375 353 3453 Axis
387 3365 539 3470 glaber,
582 3362 764 3441 sulcato·
785 3367 1007 3468 ungulatus.

233 3545 389 3621 Raorr
410 3532 567 3614 solitarii
592 3535 741 3630 binive,
783 3535 928 3635 sparsi,
970 3537 1132 3626 breves,
1166 3535 1305 3630 erecti,
1342 3537 1487 3638 glabri,
1522 3551 1586 3610 aut
1609 3559 1776 3635 superne

367 3682 434 3743 aut
464 3666 546 3739 sere
581 3688 604 3739 a
637 3662 717 3740 bosi
749 3663 908 3741 ramosi.
991 3667 1251 3742 Psorcsuur
1293 3667 1407 3766 apice
1450 3666 1511 3740 rix
1554 3666 1777 3756 crassiores,

369 3791 629 3872 scabriusculi.

232 3972 501 4050 Locusran
536 3958 701 4038 linea-ri·
725 3964 939 4063 oblongae,
976 3959 1115 4035 lineam
1151 3964 1289 4063 longae
1325 3974 1391 4038 aut
1424 3964 1538 4062 paulo
1572 3963 1778 4066 longiores,

372 4094 502 4172 colore
536 4090 676 4190 pallide
694 4132 712 4149 ·
746 4104 812 4166 aut
845 4093 953 4166 fusco
971 4133 985 4147 -
1005 4113 1140 4167 aeneo.

236 4272 444 4349 Gsumart
487 4271 605 4361 (quae
638 4281 735 4351 nott,
779 4274 822 4333 ut
855 4258 893 4334 in
929 4255 1048 4354 Vilfa
1075 4262 1298 4358 punqentt,
1330 4259 1624 4346 dissitiusculae)
1668 4262 1781 4335 char·

370 4408 524 4484 taceae,
557 4386 1023 4488 lanceolam-oblongae,
1058 4400 1212 4477 acutae,
1249 4388 1473 4479 uninerves,
1509 4389 1675 4484 undique
1700 4389 1780 4487 gla-

371 4522 496 4596 brae:
543 4517 700 4593 inlerior
740 4515 955 4614 perianthio
997 4530 1173 4611 quartam
1226 4516 1379 4590 circiter
1419 4532 1570 4615 partem
1611 4517 1781 4607 brevior,

376 4672 541 4748 superne
582 4644 770 4721 interdum
807 4645 855 4716 ad
896 4668 1058 4718 nervum
1093 4646 1259 4737 scabra;
1312 4644 1490 4743 superior
1523 4644 1786 4744 perianthium

373 4797 438 4853 sut
472 4797 641 4874 aequans
675 4785 741 4848 aut
774 4772 999 4872 plerumque
1033 4772 1149 4873 paulo
1185 4795 1393 4872 superans..
