4072 6284
480 627 805 711 Prst‘ALUM
850 626 1144 710 NOTATUM
1191 633 1401 714 Pedasa.

689 856 758 936 Tr.
800 859 911 941 Dios.
943 854 998 935 II.
1041 880 1081 959 p.
1119 866 1194 944 89.

146 1191 303 1267 Rnorx
353 1211 378 1266 e
426 1185 541 1265 culmi
589 1187 711 1264 erecti
749 1186 858 1283 basi,
912 1212 936 1266 e
984 1187 1249 1268 decumbentis
1295 1188 1406 1268 nodis
1448 1186 1741 1291 approximatis,

272 1318 393 1394 fibrae
424 1317 575 1418 plures,
608 1339 790 1418 sparsae,
822 1317 996 1414 validae,
1028 1320 1276 1413 ramulosae,
1309 1317 1517 1396 flexuosae.

148 1498 346 1578 Curuus
389 1499 651 1578 1-2-vel
694 1500 776 1578 sere
813 1500 1067 1603 3·pedalis,
1109 1513 1261 1578 erectus
1295 1501 1356 1577 vel
1396 1500 1547 1578 inferne
1585 1499 1742 1577 decum-

276 1632 400 1725 bens,
433 1650 708 1730 compressus,
741 1628 919 1724 striatus,
952 1631 1113 1732 glaber,
1147 1631 1197 1705 ad
1229 1630 1375 1724 nodos,
1409 1652 1572 1728 quorum
1608 1639 1742 1730 (prae-

276 1770 338 1834 ter
369 1760 503 1835 baseos
537 1781 655 1856 saepe
689 1758 819 1858 plures
853 1759 1070 1847 confertos)
1106 1771 1199 1851 tres,
1235 1761 1493 1855 pubescentes
1522 1758 1741 1858 glabrosve,

275 1910 412 1989 parum
448 1885 707 1987 geniculatus,
741 1885 920 1987 simplex,
963 1886 1028 1976 (in
1061 1899 1260 1988 prostrato
1296 1903 1433 1962 contra
1464 1885 1615 1966 inferne
1646 1883 1744 1963 mul·

278 2014 587 2107 ti·ramosus),
623 2012 725 2090 insra
756 2039 937 2093 racemos
969 2015 1023 2117 pl.
1057 2015 1148 2091 min.
1183 2015 1298 2116 longe
1330 2013 1470 2090 nudus.

148 2198 368 2276 Ventura
417 2199 468 2273 ad
508 2192 618 2272 basin
657 2219 776 2294 usque
809 2197 952 2288 fissae,
1004 2196 1148 2290 laxae,
1187 2197 1301 2295 paulo
1333 2219 1612 2297 compressae,
1659 2195 1744 2300 gla-

273 2330 390 2420 brae,
437 2324 615 2419 striatas,
665 2325 777 2399 sauce
809 2323 1118 2427 marginibusque
1152 2348 1318 2426 superne
1354 2325 1545 2402 interdum
1577 2325 1742 2427 pilosae:

278 2463 416 2533 baseos
465 2452 841 2550 fasciculorumque,
898 2453 1129 2554 praesertim
1179 2453 1218 2530 in
1261 2454 1433 2554 gramine
1475 2454 1743 2550 decumbente,

276 2584 407 2686 plures
439 2581 664 2673 consertae,
704 2580 928 2659 imbricatae
963 2595 1001 2658 et
1034 2585 1202 2676 breves,
1243 2583 1416 2659 culmeae
1448 2582 1565 2659 multo
1598 2581 1744 2685 longio-

275 2736 368 2807 res,
413 2708 627 2786 internodio
661 2709 714 2809 pl.
748 2708 839 2783 min.
875 2710 1084 2787 breviores.
1151 2708 1338 2787 Lroutr
1381 2736 1516 2812 margo
1548 2733 1743 2813 perangu-

279 2853 361 2919 stus
401 2837 670 2916 transversalis
711 2839 1056 2934 membranaceus,
1107 2834 1230 2917 nudus
1281 2853 1347 2916 aut
1388 2834 1613 2935 brevissime
1652 2843 1742 2919 bar·

278 2972 400 3047 batus.

147 3159 295 3234 Forrr
329 3174 484 3245 erecta,
517 3132 677 3228 linearia
710 3161 780 3228 aut
811 3147 1256 3244 lanceolam-linearia,
1281 3161 1430 3244 acuta,
1465 3176 1486 3230 e
1519 3149 1603 3230 basi
1635 3174 1742 3229 com·

278 3306 417 3384 pressa
457 3281 575 3381 plana
614 3279 638 3356 l.
675 3279 850 3382 margine
888 3278 1090 3371 involuta,
1141 3279 1281 3355 lineam
1320 3293 1386 3354 aut
1424 3281 1545 3358 lineas
1591 3290 1613 3357 2
1651 3279 1741 3375 lata,

276 3409 431 3498 striata,
465 3410 620 3508 glabra,
653 3431 726 3506 pro
759 3423 906 3484 statura
939 3405 1096 3507 plantae
1131 3405 1284 3504 pedalia
1319 3421 1385 3483 aut
1416 3408 1624 3504 breviora,
1659 3409 1741 3485 cul·

278 3562 406 3614 meum
441 3560 662 3637 supremum
695 3536 814 3612 breve
849 3554 888 3611 et
921 3534 1204 3613 brevissimum.

147 3719 341 3797 chamr
375 3718 482 3810 duo,
516 3729 582 3792 aut
614 3715 811 3817 conjugati
847 3728 913 3793 aut
946 3718 1044 3793 alter
1077 3717 1195 3817 paulo
1228 3717 1422 3818 superior,
1466 3715 1740 3814 sesqui-bi·

276 3847 338 3922 uel
381 3846 460 3921 serc
507 3845 811 3946 8·pollicares,
857 3846 983 3945 primo
1027 3842 1171 3938 erecti,
1219 3845 1306 3921 dein
1346 3847 1614 3945 divergentes,
1653 3848 1739 3950 pal·

276 3973 351 4051 lide
384 3972 540 4050 virides.
606 3973 804 4048 interdurn
837 3972 937 4049 tertii
971 3973 1225 4049 rudimentum
1260 3973 1540 4051 brevissimum.

147 4159 263 4236 Axis
299 4179 553 4232 rrarrrurs
595 4155 772 4249 linearis,
818 4154 902 4232 basi
935 4154 1127 4232 interdum
1162 4169 1260 4249 (nec
1295 4168 1477 4257 semper)
1509 4155 1740 4258 nigro-no·

275 4300 402 4377 tatus,
451 4283 607 4386 spiculis
650 4284 870 4385 angustior,
917 4282 1145 4361 flexuosulus
1179 4298 1270 4376 aut,
1320 4308 1442 4360 neruo
1476 4285 1539 4384 qui
1572 4287 1738 4364 medium

278 4412 469 4514 percurrit
504 4414 585 4488 sere
619 4413 704 4488 solo
739 4412 939 4503 flexuoso,
970 4414 1214 4510 subaequus,
1249 4416 1403 4514 glaber,
1437 4413 1554 4488 dorso
1588 4413 1736 4514 planus,

275 4541 401 4617 fronte
443 4545 492 4618 ob
535 4563 694 4616 nervum
737 4540 998 4640 septilormem
1038 4540 1092 4639 pl.
1135 4539 1225 4618 min.
1272 4540 1555 4640 prominentem
1594 4541 1738 4617 subtri-

275 4682 422 4767 queter,
456 4667 633 4766 utrinque
667 4669 716 4743 ad
751 4670 912 4745 eundem
947 4691 1124 4743 exserens
1156 4692 1441 4743 arnrceuuos
1475 4671 1613 4746 breves
1646 4669 1736 4746 bre·

277 4795 523 4890 virrimosve,
574 4796 766 4890 alternos,
817 4795 1028 4892 unissoros,
1076 4795 1117 4871 in
1169 4797 1304 4898 majori
1363 4795 1535 4900 gramine
1591 4798 1734 4900 subpu-

278 4925 491 5003 bescentes.
