4072 6284
526 590 712 672 vura
741 591 984 673 JUNCEA
1024 592 1095 671 Tu.
1130 594 1236 671 Dran.
1272 592 1305 669 1.
1341 617 1375 670 r.
1414 595 1520 672 1⁶7.
1603 610 1608 619 ·

246 783 487 888 Colpodium
508 786 708 884 junceum
751 784 819 864 Tr.
854 787 898 861 in
928 784 1015 885 Spr.
1051 809 1092 863 rr.
1125 783 1249 865 Enim
1282 784 1336 865 II.
1365 810 1409 888 p.
1446 790 1519 868 87.
1563 786 1607 862 ln
1639 781 1779 863 adnot.

741 978 929 1079 Agrestis
948 977 1108 1074 juncea
1138 977 1284 1056 Mersa.

248 1279 407 1358 Ranrx
440 1280 560 1357 fibrae
593 1277 737 1380 aliquot
766 1227 1066 1376 validiusoulae,
1105 1280 1332 1384 elongatae,
1378 1278 1595 1381 simplices,
1637 1277 1781 1360 flexuo-

378 1432 467 1504 sae,
499 1406 664 1486 albidae.

246 1583 414 1658 Curras
454 1576 493 1655 iu
527 1576 739 1678 caespitem
780 1576 941 1658 densum
975 1580 1102 1660 coacti
1136 1579 1289 1679 plures,
1342 1582 1501 1679 pedales
1535 1593 1574 1660 et
1609 1581 1782 1680 altiores,

378 1705 518 1801 erecti,
552 1706 737 1809 graciles,
769 1706 985 1808 simplices,
1016 1709 1161 1804 striati,
1204 1707 1446 1809 glaberrimi,
1488 1735 1655 1813 superne
1676 1710 1782 1793 nudi.

375 1833 479 1912 Nodi
512 1849 617 1929 tres,
649 1834 879 1914 brevissimi.

240 2003 469 2082 Vae-‚ruas
499 2004 693 2083 radicales
715 2005 904 2107 plurimae
929 2006 1149 2104 consertae,
1191 2008 1431 2106 emarcidas,
1472 2009 1583 2113 apice
1605 2007 1781 2106 deustae,

378 2134 704 2233 squamisormes3
737 2132 910 2212 culmeae
944 2134 1163 2213 internodio
1197 2137 1253 2237 pl.
1287 2137 1379 2215 min.
1405 2140 1625 2234 breviores,
1661 2139 1778 2218 fissae

375 2263 445 2340 sed
467 2250 575 2339 a'rcte
596 2261 790 2339 involutae
809 2276 848 2340 et
866 2263 1033 2340 culmum
1053 2263 1280 2343 aretiuscule
1303 2264 1568 2363 includentes,
1606 2265 1782 2362 striatas,

378 2390 566 2492 glabrae:
612 2413 795 2491 suprema
831 2395 1059 2494 praelonga.
1126 2392 1317 2468 Liouna
1349 2395 1504 2493 breuis,
1551 2395 1779 2492 rotundatu,

373 2542 465 2596 mox
497 2541 747 2597 marcescens
781 2535 821 2596 et
853 2521 1006 2599 demum
1039 2521 1155 2598 nulla.

236 2690 401 2767 Fossa
440 2685 625 2799 radicalia
657 2698 920 2788 perangusta,
967 2688 1431 2788 subfilisormi·involuta,
1481 2702 1654 2789 erecta,
1690 2692 1779 2772 stri·

372 2817 578 2911 nouacula,
622 2814 677 2916 pl.
709 2814 802 2891 min.
838 2813 1081 2914 spithamaea
1113 2824 1266 2907 (tamen
1299 2836 1339 2900 et
1372 2822 1621 2925 longissima,
1666 2846 1782 2906 cras·.

372 2946 478 3025 siora
512 2943 807 3037 inveniuntur);
847 2944 1000 3020 culmea
1024 2944 1104 3022 basi
1132 2950 1246 3047 paulo
1269 2950 1469 3049 planiora,
1501 2963 1654 3042 erecta,
1688 2950 1775 3051 pal·

375 3073 520 3169 maria,
553 3070 756 3174 pollioaria
789 3082 831 3149 et
860 3070 1061 3168 breviora,
1100 3073 1292 3154 interdum
1326 3079 1438 3156 valde
1472 3078 1712 3156 abbreviata.
1847 3129 1851 3135 st

233 3245 501 3325 Panionia
523 3255 678 3340 erecta,
719 3239 1061 3342 subpyramidata,
1093 3245 1146 3344 pl.
1172 3246 1263 3324 min.
1288 3245 1494 3348 palmaris,
1528 3245 1775 3326 lucidissima.

234 3418 356 3496 Axur
390 3414 532 3510 tenuis,
565 3412 819 3506 flexuosulus,
853 3411 1010 3513 glaber,
1056 3412 1415 3515 6·8·10·pa1us.
1482 3412 1631 3494 ann
1662 3416 1777 3494 semi·

372 3543 588 3622 verticillati
630 3555 734 3637 aut,
769 3540 1014 3642 saepissime,
1062 3539 1242 3618 immixtis
1281 3543 1483 3640 solitariis,
1541 3547 1777 3648 subjubato·

371 3671 557 3767 conserti,
597 3686 824 3771 pertenues,
862 3670 976 3768 aequi
1009 3685 1076 3746 aut
1110 3671 1225 3770 paulo
1259 3669 1478 3766 flexuosuli,
1530 3673 1777 3775 glaberrimir

369 3800 571 3879 inferiores
605 3799 822 3902 longiores,
862 3798 966 3897 quini
999 3814 1087 3892 aut,
1128 3798 1303 3897 saepius,
1345 3800 1468 3896 terni,
1508 3801 1778 3900 subaequales,

372 3929 731 4031 sesquipollicares,
777 3941 978 4027 patentes,
1027 3951 1050 4002 a
1084 3926 1213 4002 medio
1249 3940 1315 4003 aut
1347 3931 1463 4028 paulo
1499 3928 1608 4006 altius
1642 3928 1775 4006 subdi·

370 4056 442 4135 visi
484 4074 524 4134 et
557 4056 743 4150 floriferi3
791 4053 1011 4156 superiores
1045 4053 1250 4156 pauciores
1291 4067 1329 4130 et
1371 4056 1511 4148 sensim
1555 4057 1775 4152 breviores3

371 4187 541 4287 supremi
582 4182 812 4264 brevissimi.
886 4186 1176 4265 Panrcrnur·
1199 4207 1278 4260 nou
1325 4182 1398 4260 nisi
1446 4184 1486 4261 iu
1528 4184 1614 4285 ipso
1662 4182 1774 4287 apice

369 4327 580 4411 tumentes,
625 4312 762 4418 glabri.

233 4487 502 4565 Locnsrar
537 4483 660 4584 primo
695 4481 955 4577 lanceolatae,
1005 4481 1095 4559 dein
1130 4496 1312 4584 apertae,
1360 4483 1500 4562 lineam
1535 4486 1674 4588 longae
1708 4497 1774 4564 aut

374 4614 488 4715 paulo
523 4613 740 4714 longiores,
783 4612 1034 4690 luscesceudo
1070 4632 1135 4686 aut
1168 4613 1574 4711 spadium-albentes.

242 4793 453 4870 Grumar
487 4784 1075 4877 chartaceo-membranaceae,
1109 4781 1339 4857 uninerves:
1382 4779 1538 4857 inferior
1570 4783 1771 4884 superiore

374 4911 526 4989 dimidio
561 4917 619 5000 (et
651 4913 768 5009 ultra)
804 4911 977 5008 brevior,
1027 4909 1415 5006 orato-lanceolata,
1464 4920 1594 5008 acuta,
1636 4933 1772 4990 versus
