4072 6284
298 644 482 730 Ilaturne
523 636 668 759 itaque
709 635 932 730 universae
968 638 1209 761 graminum
1248 641 1412 760 species
1453 643 1686 734 delineatae
1728 667 1782 735 et·

174 829 434 951 descriptas,
472 796 674 953 equidem
717 828 997 920 stabiliendae
1036 830 1297 950 singularum
1333 830 1574 951 epecierum
1601 865 1775 925 nomen·

173 1023 371 1133 cinturae,
400 1042 584 1112 tentatae
612 1021 788 1140 quidem
817 1022 893 1109 aed
920 1019 1100 1108 minime
1127 1023 1183 1109 ad
1208 1019 1609 1140 linem-productae,
1639 1026 1775 1112 multo

174 1209 317 1301 minoe
356 1210 527 1322 etudui,
569 1243 698 1332 quam
739 1240 927 1300 eummae
954 1208 1002 1296 in
1029 1210 1285 1298 delineando
1313 1210 1438 1318 fidei,
1476 1233 1700 1330 tantaeque
1727 1211 1775 1302 iu

172 1399 454 1492 describendo
492 1399 705 1506 claritati,
750 1421 909 1520 quanta
942 1399 1161 1487 videretur
1188 1402 1392 1487 sufficere.
1480 1412 1545 1490 Ita
1573 1434 1615 1489 v.
1644 1433 1682 1489 c.
1714 1434 1775 1490 re·

174 1589 305 1679 tinuit
329 1591 406 1679 ille
431 1594 716 1708 Andropogon
741 1595 965 1678 acicularie
991 1595 1129 1681 Retzii
1157 1594 1211 1678 ad
1225 1589 1402 1679 iuterim
1415 1622 1573 1680 nomen
1588 1597 1774 1709 Raptim

176 1787 219 1873 V
216 1789 294 1898 ilfa
329 1783 610 1871 mwrdiuocea
642 1777 718 1867 rix
744 1778 1037 1919 inponerem
1065 1777 1208 1869 Villae
1240 1778 1388 1902 generi
1413 1779 1774 1892 adnumerabitur,
1897 1814 1901 1839 ¹

172 1992 217 2063 et
243 2002 352 2092 quae
380 1991 480 2062 sunt
505 1970 590 2062 alia
619 1971 742 2086 hujus
769 1968 952 2091 generia

296 2356 423 2473 Quod
448 2353 489 2445 ei
514 2354 646 2478 igitur
669 2352 978 2475 descriptiones
1006 2354 1156 2465 clarae,
1182 2356 1492 2447 delineationes
1519 2385 1657 2464 verae,
1678 2387 1773 2442 ana·
1936 2366 1940 2376 ’

170 2549 283 2668 lynea
323 2542 510 2666 denique
535 2568 710 2638 naturae
743 2544 1047 2638 convenientes
1073 2547 1389 2658 oenaebuntur,
1418 2549 1622 2668 equidem
1644 2551 1773 2637 finem

170 2733 285 2829 mihi
322 2735 595 2856 propositum
627 2739 822 2859 attigisse
864 2736 979 2827 mihi
1004 2736 1201 2828 uidebor.
1261 2745 1359 2855 Quo
1384 2739 1562 2830 nomine
1587 2739 1773 2830 delinea-

168 2927 313 3019 tionea
343 2960 370 3018 o
407 2925 553 3047 lapide
592 2960 847 3050 expressae,
890 2926 1013 3016 utin
1040 2928 1188 3016 moltis
1215 2927 1396 3046 egregiis
1425 2930 1628 3047 operibus
1658 2931 1773 3020 bota

170 3117 280 3211 nicia
307 3116 464 3210 merito
491 3129 584 3210 aeae
612 3123 871 3240 probarunt,
913 3116 976 3205 ita
1014 3117 1122 3207 meis
1160 3150 1332 3237 quoque
1357 3119 1595 3208 rationibus
1621 3149 1773 3214 convo·

170 3309 272 3402 nire
295 3308 412 3405 mihi
438 3309 567 3400 vinae
584 3331 701 3401 eunt.
778 3316 1000 3399 Praeterea
1024 3311 1109 3398 hoc
1133 3310 1236 3397 artis
1264 3343 1396 3429 genua
1422 3334 1473 3401 et
1494 3312 1655 3401 minori
1680 3345 1773 3432 pre

169 3499 235 3592 tio
258 3499 418 3601 heberi·
436 3525 610 3624 puteat,
638 3533 767 3623 quam
792 3497 1144 3618 chalcographia,
1172 3523 1217 3590 et
1242 3502 1481 3592 faciliorem
1507 3504 1772 3595 celerioreme

169 3723 254 3812 que
280 3691 471 3782 admittit
495 3723 645 3804 mum,
689 3694 805 3814 quod
841 3690 891 3779 in
934 3723 1063 3810 opere
1090 3692 1335 3804 hujusmodi
1361 3691 1569 3814 hujusque
1596 3693 1770 3786 concilii

170 3913 260 3974 mn
284 3913 548 4006 poanemum
574 3887 848 3980 commodum
872 3881 1184 3972 existimabam.

308 4270 393 4364 ned
418 4269 491 4360 uel
524 4265 589 4358 eie
618 4267 851 4358 dolendum
878 4215 971 4376 eet,
998 4266 1129 4388 idque
1171 4267 1305 4386 magia
1345 4256 1523 4356 lortaaee
1554 4269 1770 4361 mihimet·

169 4457 280 4580 ipei,
326 4491 456 4582 quam
498 4458 828 4580 monographiae
866 4457 990 4577 hujus
1025 4459 1318 4578 emptoribus,
1369 4459 1528 4580 partim
1569 4464 1771 4552 uolumen

22 4611 25 4616 ι
169 4651 254 4746 leuc
289 4650 478 4773 primum
515 4649 653 4739 multo
696 4649 862 4760 nerine,
901 4681 1029 4770 quam
1070 4648 1330 4757 voluissem,
1371 4650 1614 4758 absolutum
1650 4685 1770 4761 ease,

169 4842 327 4966 purtim
352 4843 500 4962 plures
521 4839 829 4933 delineationea
857 4839 1012 4929 artifici
1039 4871 1126 4928 nou
1161 4838 1223 4927 ita
1258 4839 1538 4950 eoeoesaiase,
1581 4867 1630 4932 ut
1662 4846 1771 4934 deri·
