4072 6284
342 617 533 718 usquead
563 619 706 697 aristae
737 629 777 697 et
810 639 978 696 setarum
1009 615 1140 712 basin,
1172 616 1272 696 linea
1302 606 1461 695 arenata
1495 603 1581 694 eum
1613 619 1752 695 eadem

343 744 454 846 quasi
471 747 730 841 articulatam,
765 747 932 846 undique
951 744 1035 849 (vel
1051 770 1216 848 superne
1239 746 1414 848 parcius)
1430 745 1565 822 brevi.-
1585 766 1630 825 et
1644 747 1753 821 albo·

340 873 496 968 uillosa,
530 858 750 952 tenuissime
778 882 863 958 7-
874 873 1048 958 9-nervis
1065 898 1074 948 ε
1116 871 1243 948 nervis
1258 873 1380 952 tribus
1397 873 1532 951 mediis
1549 894 1754 951 transeun-

345 1001 446 1079 tibus
462 1001 498 1076 in
517 1003 672 1079 aristam
692 1003 1044 1101 spadicescentem,
1079 1022 1199 1101 supra
1213 1026 1448 1096 convexam,
1482 1003 1607 1078 subtus
1624 1004 1752 1080 sulca·

342 1144 443 1224 tam,
477 1129 559 1229 ipsa
576 1130 702 1207 sexies
718 1130 956 1233 longiorem,
982 1129 1033 1206 ad
1050 1129 1218 1206 medium
1232 1151 1355 1228 usque
1369 1140 1518 1207 rectam
1537 1144 1576 1206 et
1594 1141 1755 1224 tortam,

346 1283 371 1335 a
389 1256 517 1333 medio
537 1257 721 1335 reflexam
739 1273 778 1336 et
796 1281 987 1357 aequam;
1026 1258 1246 1334 lateralibus
1265 1267 1288 1334 2
1307 1260 1370 1333 vel
1392 1265 1416 1334 3
1439 1257 1616 1356 utrinque
1635 1257 1674 1333 in
1691 1283 1755 1335 se·

340 1398 420 1461 tam
439 1387 594 1460 valvula
609 1386 691 1464 fere
708 1386 825 1487 triplo
843 1382 1078 1487 longiorem,
1093 1384 1761 1485 pallidam,andalao-flexuosam,

342 1511 668 1610 scabriusoulam,
719 1528 828 1592 extus
863 1511 1199 1613 appendiculatam
1233 1501 1400 1591 lucinula
1432 1512 1583 1608 lineari,
1633 1538 1757 1589 mem·

340 1643 557 1736 branacea,
598 1641 771 1738 valvula,
825 1665 923 1741 quae
956 1641 1133 1740 utrinque
1166 1641 1205 1719 in
1240 1667 1326 1718 eam
1358 1640 1547 1735 excurrit,
1597 1639 1757 1718 dimidio

339 1767 524 1846 breviori.
595 1769 771 1846 Valvula
793 1772 974 1868 superior
1008 1768 1189 1845 inferiore
1223 1771 1337 1870 paulo
1371 1769 1543 1871 longior,
1585 1767 1760 1860 linearis,

341 1895 453 1999 apice
496 1895 612 1995 paulo
657 1908 851 1975 attenuata
893 1909 933 1971 et
965 1895 1182 1990 bidentata,
1229 1897 1451 1975 bioostata:
1500 1895 1618 1973 costis
1650 1895 1758 1971 infra

342 2023 644 2124 approximatis,
695 2049 862 2128 superne
896 2021 1204 2117 distentioribus,
1254 2026 1391 2103 fovens
1423 2024 1461 2100 in
1503 2025 1627 2113 sulco,
1649 2023 1760 2100 intra

343 2161 475 2229 costas
509 2176 731 2253 processum
766 2154 1009 2245 filisormem,
1043 2152 1242 2249 scabrum,
1281 2150 1449 2230 mediam
1484 2151 1640 2230 circiter
1671 2151 1761 2228 ral-

308 2318 310 2323 ·
342 2278 472 2355 rulam
507 2295 759 2377 aequantem,
804 2281 1070 2356 membranula
1106 2281 1366 2361 terminatum.
1722 2332 1744 2369 ,.

216 2446 496 2528 Lnnrcurar
533 2473 717 2550 squamae
750 2448 938 2545 lineares,
971 2470 1130 2547 acutae,
1159 2451 1305 2529 orario
1339 2451 1544 2553 longiores,

220 2617 457 2697 Ovaarurr
489 2619 742 2712 turbinatam,
776 2618 889 2723 apice
923 2614 1140 2720 pilosulum.
1210 2614 1355 2698 Sarar
1392 2627 1443 2718 2,
1482 2623 1767 2724 approximati,

345 2750 495 2829 breves.
578 2747 830 2826 Srmnrarr
871 2748 1060 2848 plumosa.

216 2913 435 2995 stamus
473 2928 520 3017 3,
562 2918 822 2997 Aurnrrrr
855 2917 1038 2996 lineares.

436 3464 618 3540 Fronaa
651 3488 708 3542 an
741 3486 977 3540 sracrurr
1018 3485 1040 3539 r
1075 3485 1202 3538 nova
1235 3462 1543 3542 Horarum,

332 3680 366 3768 r)
391 3679 589 3749 Glumarum
620 3678 734 3745 altera.
803 3675 838 3757 a)
861 3675 1037 3779 Floseulua
1061 3699 1171 3762 magn.
1192 3687 1264 3745 nal,
1328 3675 1364 3760 3²)
1390 3679 1555 3782 Valvulae
1585 3680 1766 3752 inlerioria

222 3788 300 3859 pars
330 3771 497 3861 superior.
569 3767 606 3851 4)
632 3766 775 3833 Valvula
798 3786 963 3852 supel‘lor.
1039 3767 1075 3853 5)
1104 3770 1284 3836 Processur
1306 3787 1333 3833 a.
1363 3771 1589 3838 rudrmentum
1621 3772 1766 3841 lloeculi

217 3859 370 3933 emundi.
421 3859 458 3946 6)
478 3856 647 3931 Genitalis
669 3877 747 3924 cum
772 3853 935 3922 lodicula,

719 4139 1260 4175 *ιιι-
