4072 6284
492 674 811 759 PASPALUM
869 676 1233 757 STELLATUM
1284 677 1469 759 Koara.

720 860 787 941 Tr.
823 860 931 939 Dios.
966 858 1021 938 II.
1061 883 1103 961 p.
1139 867 1244 944 too.

179 1112 336 1193 Rama
384 1136 407 1193 e
454 1066 668 1195 culmorum
699 1113 785 1193 basi
819 1113 981 1217 paulo,
1022 1114 1255 1217 quandoque
1296 1116 1369 1197 sub
1386 1113 1579 1194 ·bulboso
1595 1158 1612 1175 ·
1633 1113 1779 1213 inflata,

305 1242 429 1319 fibrae
471 1242 692 1342 plurimae,
742 1244 994 1325 fasciculaue
1034 1268 1302 1349 sparsaeque,
1358 1254 1523 1341 tenues,
1569 1242 1782 1343 flexuosae,

307 1370 537 1451 ramulosae.

179 1524 340 1602 Cunus
373 1521 603 1627 caespitosi,
635 1527 787 1620 erecti,
821 1526 951 1627 sesqui
970 1568 1024 1588 -
1043 1527 1084 1608 bi
1103 1566 1120 1586 ·
1138 1526 1327 1630 pedales,
1360 1538 1496 1606 tenues
1530 1535 1570 1604 et
1602 1528 1782 1630 graciles,

308 1662 479 1746 teretes,
511 1653 577 1731 vix
608 1653 761 1749 striati,
795 1654 951 1758 glabri,
984 1654 1034 1732 ad
1065 1656 1188 1737 nodos
1226 1664 1249 1732 2
1276 1697 1329 1714 -
1355 1663 1379 1734 l
1414 1652 1665 1734 brevissimos
1697 1659 1783 1761 gla-

307 1781 400 1858 bros
433 1764 705 1861 barbatuloare
737 1782 852 1882 aequi
886 1795 954 1860 aut
983 1782 1172 1862 levissime
1205 1783 1440 1889 geniculati,
1490 1779 1684 1886 elmpliees
1718 1801 1784 1867 aut

310 1909 555 2005 subramosi,
596 1912 668 1989 sub
700 1908 868 1990 racemis
900 1910 955 2011 pl.
987 1909 1080 1988 min.
1115 1911 1232 2016 longe
1268 1913 1373 1991 nudi.

179 2060 400 2142 Vaorrsaa
433 2064 486 2141 ad
516 2062 629 2141 basin
660 2087 783 2166 nsque
816 2065 959 2159 fissae,
1015 2063 1249 2146 lariusculae
1282 2079 1322 2147 et
1354 2092 1523 2170 superne
1555 2065 1782 2172 saepissime

306 2191 426 2294 paulo
460 2202 681 2286 tumentes,
728 2190 950 2270 internodio
982 2192 1211 2289 breviores,
1262 2195 1453 2292 striatae,
1502 2195 1664 2301 glabrae
1705 2210 1782 2296 aut,

305 2319 538 2422 praesertim
570 2319 723 2419 apicem
761 2343 910 2414 versus,
944 2319 1146 2399 hirsutae:
1178 2324 1400 2424 superiores
1429 2324 1641 2430 longiores.
1706 2326 1783 2405 La·

308 2468 430 2525 oona
463 2446 587 2527 barba
620 2446 788 2551 pilorum
821 2448 1094 2555 transversalis
1128 2473 1175 2526 ae
1208 2451 1343 2530 densa.

178 2600 326 2681 Fossa
359 2613 523 2699 erecta,
563 2602 752 2700 linearia,
801 2603 1010 2683 subulato·
1029 2616 1257 2700 attenuata,
1306 2619 1472 2713 angusta
1523 2609 1680 2703 (latiora
1727 2607 1781 2711 pl.

303 2729 397 2809 min.
432 2730 573 2808 lineam
607 2732 686 2808 lata
708 2740 754 2827 ),
800 2731 978 2836 margine
1012 2714 1078 2809 aut
1108 2735 1335 2835 plerumque
1381 2748 1466 2814 tota
1514 2736 1708 2831 involuta,
1758 2759 1781 2814 e

310 2858 502 2963 glandulis
533 2859 681 2961 pusillis
717 2859 890 2956 hirsuta,
921 2859 1050 2938 rarius
1084 2862 1248 2963 glabra,
1280 2863 1549 2963 sanescentia:
1596 2861 1782 2943 inferiora

309 2986 551 3091 spithamaea
574 2987 864 3092 -palmaria,
894 2989 1044 3067 culmea
1077 2989 1221 3068 sensim
1255 2989 1451 3095 bueviora.

178 3140 374 3222 Racrrar
406 3143 528 3222 erecti
559 3143 623 3221 rel
656 3143 939 3239 subnutantes,
992 3152 1104 3221 2—
1122 3153 1146 3220 3
1165 3143 1434 3246 ·pollicares:
1482 3154 1555 3237 aut
1576 3144 1681 3240 ¹aluo,
1713 3157 1781 3224 aut

306 3270 441 3349 unicus
475 3282 654 3375 tantum:
686 3270 739 3349 illi
773 3270 1042 3377 subeonjugati
1075 3271 1138 3348 vel
1170 3271 1221 3349 ad
1253 3270 1342 3349 aria
1375 3291 1543 3369 tenuem,
1575 3272 1665 3353 hinc
1684 3297 1782 3354 oon·

306 3421 448 3480 sexum
479 3397 571 3478 inde
605 3398 825 3495 sulcatum,
857 3398 1016 3478 circiter
1047 3396 1394 3500 semipullicarem,
1432 3400 1583 3483 alterni.

177 3557 291 3635 axis
341 3578 596 3633 raanaars
628 3554 1191 3648 solimae-membranaceus,
1224 3553 1409 3651 linearis,
1444 3578 1616 3657 aequus,
1664 3555 1777 3659 apice

306 3680 606 3776 obtusiusculus,
639 3681 864 3783 spadiceus,
896 3683 1057 3786 glaber,
1090 3680 1248 3783 spiculis
1279 3683 1334 3783 pl.
1367 3682 1460 3761 min.
1494 3683 1636 3761 latior:
1685 3708 1777 3786 gra·

305 3807 416 3887 minis
449 3807 638 3912 distachyi
673 3809 814 3888 lineam
846 3835 936 3888 eum
969 3807 1128 3889 dimidia
1160 3806 1289 3904 latus,
1322 3810 1619 3911 complanatus,
1651 3835 1776 3890 nervo

308 3961 460 4031 crasso,
492 3936 725 4033 flexuosulo,
759 3938 943 4032 dilatato,
973 3938 1152 4037 utrinque
1183 3936 1314 4017 nervis
1346 3938 1506 4038 insuper
1537 3940 1684 4018 duobus
1717 3950 1776 4016 te·

303 4064 443 4145 nuibus
477 4063 657 4143 comitato
690 4078 878 4162 notatua;
926 4064 1113 4168 graminis
1145 4066 1415 4166 monostachyi
1447 4065 1569 4145 lineas
1603 4077 1683 4144 tres
1717 4064 1776 4142 la·

305 4195 424 4285 tus')‚
458 4215 718 4297 compressus,
751 4217 872 4273 nervo
896 4191 1103 4296 angustiori
1127 4203 1169 4268 et
1201 4214 1326 4292 aequo
1358 4192 1566 4271 carinatus.
1631 4196 1775 4272 Fronte

304 4322 394 4399 asin
432 4321 601 4399 medium
640 4320 837 4425 percurrit
874 4344 1016 4399 nervus
1056 4342 1196 4422 parum
1235 4320 1462 4420 prominens
1501 4343 1549 4397 ac
1588 4320 1681 4399 satis
1714 4332 1772 4395 te·

303 4449 417 4545 nnis,
448 4448 631 4550 utrinque
662 4471 845 4531 exserens
877 4470 1166 4527 raurcanuos
1197 4447 1400 4546 minimos,
1446 4459 1613 4544 tenues,
1653 4447 1771 4524 alter·

299 4601 400 4674 nos,
432 4575 632 4657 unifloros.

174 4728 406 4813 Srrcnuar
437 4729 787 4830 imbricatissimae,
818 4728 1040 4829 biseriales,
1076 4729 1470 4838 compressiusculae,
1502 4729 1542 4809 in
1573 4740 1772 4810 monosto-

170 4919 487 4947 ῃ

213 5025 250 5115 ‘'
292 5026 403 5119 ‘¹⁰⁸³'
423 5027 461 5097 ³¹¹
485 5025 593 5119 fi⁸⁰¹⁸
613 5034 728 5101 „aa
747 5026 910 5123 mnus·
930 5026 1099 5121 raucas
1122 4992 1352 5111 anastase
