4072 6284
137 284 266 387 ,4
1183 324 1189 335 ·
1427 312 1455 373 ι

231 376 272 419 iffi·

251 561 425 638 Guusaa
460 557 638 658 inferior
668 554 796 650 nulla3
828 560 1012 654 superior
1040 558 1353 650 membranacea,
1384 552 1566 660 elliptica‚
1600 545 1728 659 acuta,
1760 564 1846 669 ple·

377 676 540 788 hmque
581 687 710 764 dissite
751 684 897 766 binerv'
932 743 944 781 ,
998 684 1085 762 sed·
1118 685 1235 761 etiam
1272 683 1453 763 triuervis
1494 698 1560 764 aut
1603 689 1691 768 loco
1733 692 1845 769 nervi
1931 684 1934 689 ’

377 816 479 894 tertii
523 838 556 896 s.
590 812 805 892 intermedii
844 709 953 891 suffio
995 807 1133 891 leviter
1173 831 1361 909 exarata,
1414 811 1615 896 flosculum
1665 832 1844 898 neutrum

382 958 568 1045 aequans.

247 1123 487 1203 Fuoscom
521 1120 797 1225 subparalleli:
830 1068 1015 1202 anciran
1047 1133 1197 1220 neuter,
1226 1108 1434 1231 uuiv'alvis,
1467 1125 1621 1229 glumae
1652 1124 1847 1230 superiori

295 1278 311 1305 e
380 1251 591 1331 simillimus
630 1251 698 1327 sed
732 1263 960 1329 constanter
993 1252 1174 1331 trinervis
1194 1280 1206 1349 3
1223 1255 1453 1350 *posterior
1493 1251 1844 1356 hermaphroditus,

383 1380 600 1478 coriaceus,
634 1377 847 1480 elliptieus‚
882 1380 1046 1476 albens,
1076 1404 1180 1457 nunc
1214 1383 1279 1469 (et
1306 1378 1461 1478 quidem
1492 1377 1739 1482 plerumque)
1771 1379 1845 1458 llo·

379 1508 487 1587 sculo
521 1517 658 1584 neutro
690 1505 807 1605 paulo
839 1507 1024 1601 brevior,
1068 1532 1172 1584 nunc
1204 1505 1370 1584 eundem
1403 1531 1599 1607 aequans,
1633 1506 1745 1611 apice
1777 1519 1847 1585 aut

361 1632 661 1717 obtusiusculus
693 1650 735 1710 et
766 1632 964 1729 barbatus,
998 1645 1086 1741 aut,¹
1107 1633 1255 1728 rarius,
1285 1632 1514 1736 simpliciter
1549 1647 1716 1716 acutos:
1759 1634 1846 1713 ool·

374 1764 475 1842 vola
504 1766 687 1863 superior
720 1760 974 1865 aequilonga,
1014 1746 1253 1891 marginibus
1283 1763 1572 1867 conduplicata.

248 1947 531 2025 Loorcoaau
574 1967 759 2044 squamae
804 1944 1074 2042 collaterales,
1108 1947 1346 2073 quaquam,
1381 1945 1673 2051 marginem,
1705 1946 1847 2026 orario

214 2064 228 2091 '
377 2076 592 2155 breviores.
1224 2080 1227 2085 ’

248 2257 480 2335 Ovaarura
530 2254 767 2360 elliptlcum‚
815 2255 1003 2358 glabrum.
1072 2254 1295 2335 Suuu12.
1362 2255 1614 2337 Sororem
1654 2257 1848 2362 plumosa,

378 2396 544 2464 exserta.

249 2573 473 2650 Scaurus
507 2627 518 2649 .
554 2626 565 2645 .
598 2627 609 2650 .
644 2627 654 2649 .

249 2758 412 2836 Ssuau
457 2768 574 2833 ovato
591 2751 863 2855 -ellipticum,
913 2771 1213 2852 compressum,
1260 2747 1480 2853 periunthio
1520 2750 1636 2856 paulo
1676 2747 1849 2842 brevius,

376 2882 649 2987 ferrugineum.

529 3480 719 3553 Frouur
769 3500 826 3551 ru
879 3499 1118 3552 succursura
1168 3474 1561 3552 Mauruurceusa.

367 3654 402 3736 r)
446 3647 525 3715 Pars
550 3647 623 3712 axis
648 3644 795 3733 partialis
822 3668 840 3709 a
864 3645 974 3712 fronle
998 3645 1078 3712 visa.
1171 3647 1207 3731 a)
1249 3644 1372 3712 Gluma
1400 3643 1566 3731 superior.
1679 3639 1717 3726 3)
1755 3643 1853 3714 Flos·

249 3759 347 3828 culus
375 3766 494 3826 neuter
526 3756 568 3821 ab
606 3755 760 3821 interiori
790 3756 891 3819 visus.
985 3751 1041 3837 ,4)
1088 3753 1393 3842 Hermaphroditus
1431 3761 1561 3818 acutus.
1660 3749 1696 3832 5)
1742 3754 1853 3840 Idem,

251 3869 352 3959 paulo
377 3867 533 3948 brevior,
566 3867 705 3931 obtusus
728 3874 760 3933 et
783 3865 996 3944 barbatulus,
1028 3864 1219 3948 egramine
1242 3861 1448 3933 Brasiliensi.
1540 3860 1579 3944 6)
1624 3857 1855 3955 Hermaphro-

250 3979 313 4047 dlli
338 3976 471 4045 vulvula
495 3977 672 4068 superior,
699 3998 776 4044 cum
797 3975 948 4044 lodicula
972 3981 1005 4042 et
1027 3975 1187 4061 gerlasiue.
