4072 6284
1597 190 1623 299 i

343 601 466 659 nnnm
513 579 727 665 alterumve
772 580 962 667 emittens
1036 587 1308 668 Proscrnnr
1352 583 1599 683 breuissimi,
1648 586 1818 688 unidori,

343 704 536 787 interdum
567 709 745 792 subnnlli
1503 727 1508 735 ’

217 857 457 941 berennus
487 864 544 971 pl.
577 866 672 946 min.
704 866 890 964 lineales,
929 866 1152 971 ellipticae,
1185 891 1465 973 compressae,
1511 868 1631 950 modo
1664 885 1817 967 acutae,

347 993 466 1071 modo
498 994 554 1100 pl.
587 995 680 1075 min.
713 998 899 1094 obtusae,
948 996 988 1074 iu
1028 998 1164 1100 pla'uta
1205 996 1400 1076 communi
1432 997 1733 1095 dimitiuseulae,
1776 999 1817 1077 iu

347 1118 540 1224 vegetiori
572 1122 830 1218 imbricatae,
867 1124 1012 1204 virides
1044 1137 1111 1202 aut
1139 1124 1325 1203 rubellas.

220 1270 396 1350 Garun
429 1275 608 1376 inferior
640 1278 763 1372 nulla,
797 1289 885 1374 aut,
918 1279 952 1357 si
985 1277 1149 1372 (rarius)
1183 1277 1339 1357 evoluta
1369 1289 1458 1373 est,
1499 1278 1666 1383 pusilla,
1707 1270 1817 1358 trun?

349 1412 466 1498 cata3
503 1408 688 1506 superior
718 1407 1042 1500 membranacea,
1073 1404 1261 1509 elliptiea,
1295 1418 1411 1483 acuta
1443 1422 1511 1484 aut
1542 1411 1700 1503 obtusa,
1733 1408 1817 1509 ple·
1957 1398 1966 1415 '

347 1553 511 1631 rumque
543 1538 725 1632 (praeter
754 1531 940 1636 marginis
967 1532 1174 1624 flexuram)
1207 1529 1340 1610 dissite
1370 1530 1555 1643 binerris,
1586 1534 1717 1612 rarius
1748 1532 1818 1610 tri·

344 1656 505 1753 nervis,
544 1656 808 1762 irregulariter
840 1672 881 1739 et
910 1659 1125 1764 praecipue
1155 1658 1334 1765 margine
1364 1659 1554 1764 apiceque
1585 1662 1816 1762 pubescens,

344 1783 530 1865 flosculos
563 1798 749 1889 aequans.

212 1943 457 2022 Fnoscnur
505 1944 779 2046 subparalleli:
829 1942 1009 2042 inferior
1057 1950 1119 2036 (s.
1151 1948 1364 2038 anterior)
1404 1953 1574 2038 neuter,¹
1616 1938 1817 2036 nniralris,

270 2055 275 2063 ’
347 2072 500 2175 glumae
534 2071 727 2173 superiori
764 2071 838 2151 sibi
876 2073 1079 2175 oppositae
1119 2075 1411 2176 homogenens,
1455 2071 1528 2150 sed
1574 2069 1818 2148 coustantius

350 2211 413 2279 3·
429 2199 589 2295 nervis,
623 2210 718 2292 aut,
759 2199 792 2277 si
824 2180 993 2301 quinque
1007 2242 1025 2259 ·
1042 2199 1201 2295 nervis,
1249 2200 1383 2279 nervis
1414 2197 1640 2277 lateralibus
1676 2206 1747 2288 (ut
1777 2195 1817 2273 iu

336 2330 420 2432 fiq.
459 2334 519 2417 l.)
556 2324 866 2427 approximatis,
916 2338 982 2403 aut
1017 2338 1077 2421 (ut
1108 2329 1147 2403 in
1169 2330 1253 2428 fio.
1293 2333 1354 2416 5.)
1388 2349 1599 2404 nervorum
1630 2322 1817 2402 interme·

346 2456 498 2533 diorum
533 2453 616 2530 loco
648 2453 971 2555 longitudinaliter
1002 2457 1246 2554 pubescens,
1278 2453 1437 2553 insuper
1469 2463 1509 2531 et
1542 2450 1654 2553 apice
1687 2464 1729 2530 et
1760 2449 1817 2529 la·

342 2583 516 2664 teraliter
552 2584 657 2683 pube
696 2581 802 2657 tenui
835 2581 1057 2682 adspersus.
1122 2578 1316 2659 Flosculus
1357 2583 1543 2681 superior
1592 2586 1652 2672 (s.
1684 2584 1818 2677 poste·

345 2716 454 2804 rior)
487 2708 847 2809 hermaphroditus,
879 2709 1034 2785 demum
1068 2708 1319 2817 cartilagineo
1338 2750 1356 2767 ·
1370 2707 1588 2801 coriaceus,
1626 2705 1819 2807 ellipticus

211 2934 217 2941 .
348 2851 416 2917 aut
436 2836 506 2949 ,stu
538 2835 769 2940 majoribus)
803 2834 969 2913 lineari·
986 2834 1204 2937 ellipticus,
1246 2836 1382 2912 albens
1412 2834 1439 2913 l.
1471 2833 1705 2934 spadiceus,
1746 2837 1818 2911 sub

344 2967 448 3045 lente
480 2962 689 3045 tenerrime
720 2976 943 3063 punctatur,
974 2961 1177 3040 flosculum
1209 2982 1389 3058 neutrum
1423 2983 1597 3062 aequans
1606 2986 1623 3069 ².
1651 2960 1819 3039 vulvula

346 3095 531 3196 weriot
562 3090 824 3192 aequilonga,
858 3087 1145 3191 conduplicata.

215 3253 497 3336 Lourcuaan
530 3271 716 3349 squamae
750 3245 1020 3339 collaterales,
1054 3245 1297 3346 quadratae,
1337 3246 1471 3326 orario
1503 3244 1718 3325 breviores.

216 3409 451 3490 Oranrnra
489 3403 725 3506 ellipticum,
776 3402 966 3506 glabrum.
1032 3399 1178 3477 Srrur
1213 3411 1255 3480 2.
1323 3400 1576 3480 Srmnurs
1624 3400 1817 3505 plumosa,

350 3547 649 3636 atropurpureo.

215 3691 436 3772 Srsmrua
472 3696 512 3767 3.
582 3688 854 3765 ΑΝτΗιιΑε
887 3744 898 3766 .
934 3745 945 3767 .
979 3693 991 3767 .’
1025 3693 1038 3764 :

219 3849 388 3930 Samen
421 3846 661 3951 oblongum,
692 3868 987 3946 compressum,
1023 3839 1241 3942 perianthio
1273 3841 1456 3937 brevius,
1504 3837 1688 3944 prasium.

284 4217 389 4299 Pro.
421 4214 468 4295 Α.
512 4239 563 4293 ao
596 4233 785 4294 serenant
819 4208 908 4288 Iun.
942 4232 1073 4288 ocem.
1140 4208 1188 4289 B.
1222 4211 1429 4287 Baasnnn
1460 4230 1753 4286 mammertus.

335 4387 373 4473 r)
418 4383 500 4451 Pars
527 4382 599 4448 axis
631 4379 780 4470 partialis
810 4377 968 4464 graminis
989 4373 1162 4463 junioris,
1227 4370 1265 4459 n)
1310 4375 1484 4456 deflorati,
1517 4373 1699 4441 lateraliter
1728 4394 1820 4441 com·

222 4512 347 4586 pressu.
458 4489 496 4579 3)
541 4493 664 4560 Gluma
687 4489 866 4577 superior,
902 4493 1043 4570 atergo
1073 4487 1156 4553 visa.
1267 4482 1306 4573 4)
1351 4485 1529 4553 Flosculus
1556 4493 1676 4552 neuter
1700 4483 1743 4550 ab
1771 4484 1821 4549 in·

220 4601 352 4672 teriori.
464 4599 502 4685 5)
545 4601 640 4668 Idem
662 4596 827 4689 (apiculas
847 4596 1004 4677 minoris)
1029 4596 1181 4679 acutior,
1220 4594 1267 4662 5·
1282 4595 1418 4663 nervis:
1457 4615 1641 4661 nervorum
1661 4594 1821 4660 interme·

221 4712 359 4782 diorum
395 4706 473 4778 loco
509 4710 600 4800 pube
636 4717 781 4777 notatus.
892 4702 930 4788 6)
975 4703 1292 4792 Hermaphroditus.
1403 4700 1441 4794 p)
1484 4700 1647 4790 Ejusdem
1685 4700 1821 4769 vulvula

221 4821 390 4915 superior,
412 4839 492 4890 uum
513 4818 663 4888 lodicula
685 4823 718 4884 et
740 4813 903 4904 germino.
1015 4812 1054 4899 8)
1097 4815 1217 4883 Samen
1237 4811 1389 4906 apiculae
1410 4813 1522 4881 minus
1544 4808 1694 4880 linearia.

813 5027 1237 5060 ιιι*
