<?xml version="1.0" encoding="UTF-8"?>
<!DOCTYPE html PUBLIC "-//W3C//DTD XHTML 1.0 Transitional//EN"
    "http://www.w3.org/TR/xhtml1/DTD/xhtml1-transitional.dtd">
<html xmlns="http://www.w3.org/1999/xhtml" xml:lang="en" lang="en">
 <head>
  <title>
</title>
<meta http-equiv="Content-Type" content="text/html;charset=utf-8" />
  <meta name='ocr-system' content='tesseract 3.04.00' />
  <meta name='ocr-capabilities' content='ocr_page ocr_carea ocr_par ocr_line ocrx_word'/>
</head>
<body>
  <div class='ocr_page' id='page_1' title='image "./speciesgraminum00tringoog_0458.png"; bbox 0 0 4072 6284; ppageno 0'>
   <div class='ocr_carea' id='block_1_1' title="bbox 409 615 1463 900">
    <p class='ocr_par' dir='ltr' id='par_1_1' title="bbox 409 615 1463 900">
     <span class='ocr_line' id='line_1_1' title="bbox 409 615 1463 704; baseline -0.009 0"><span class='ocrx_word' id='word_1_1' title='bbox 409 619 728 704; x_wconf 80' lang='lat' dir='ltr'><strong>PASPALUM</strong></span> <span class='ocrx_word' id='word_1_2' title='bbox 787 615 1246 697; x_wconf 81' lang='lat' dir='ltr'><strong>OBTUSIFOLIUM</strong></span> <span class='ocrx_word' id='word_1_3' title='bbox 1291 615 1463 696; x_wconf 74' lang='lat' dir='ltr'><strong>Raour.</strong></span> 
     </span>
     <span class='ocr_line' id='line_1_2' title="bbox 696 798 1182 900; baseline -0.006 -20"><span class='ocrx_word' id='word_1_4' title='bbox 696 804 763 882; x_wconf 85' lang='lat' dir='ltr'><strong>Yr.</strong></span> <span class='ocrx_word' id='word_1_5' title='bbox 798 803 908 882; x_wconf 81' lang='lat' dir='ltr'><strong>Dias.</strong></span> <span class='ocrx_word' id='word_1_6' title='bbox 941 798 997 878; x_wconf 86' lang='lat' dir='ltr'><strong>II.</strong></span> <span class='ocrx_word' id='word_1_7' title='bbox 1032 822 1075 900; x_wconf 82' lang='lat' dir='ltr'><strong>p·</strong></span> <span class='ocrx_word' id='word_1_8' title='bbox 1109 802 1182 882; x_wconf 81' lang='grc'><strong>97.</strong></span> 
     </span>
    </p>
   </div>
   <div class='ocr_carea' id='block_1_2' title="bbox 137 1093 1734 1331">
    <p class='ocr_par' dir='ltr' id='par_1_2' title="bbox 137 1093 1734 1331">
     <span class='ocr_line' id='line_1_3' title="bbox 137 1093 1733 1209; baseline -0.003 -29"><span class='ocrx_word' id='word_1_9' title='bbox 137 1102 298 1186; x_wconf 78' lang='lat' dir='ltr'><strong>Raurx</strong></span> <span class='ocrx_word' id='word_1_10' title='bbox 339 1109 612 1186; x_wconf 78' lang='lat' dir='ltr'><strong>erhiaomate</strong></span> <span class='ocrx_word' id='word_1_11' title='bbox 646 1106 700 1209; x_wconf 87' lang='lat' dir='ltr'><strong>pl.</strong></span> <span class='ocrx_word' id='word_1_12' title='bbox 734 1101 825 1180; x_wconf 91' lang='lat' dir='ltr'><strong>min.</strong></span> <span class='ocrx_word' id='word_1_13' title='bbox 859 1102 1038 1196; x_wconf 83' lang='lat' dir='ltr'><strong>nodoso,</strong></span> <span class='ocrx_word' id='word_1_14' title='bbox 1084 1097 1275 1178; x_wconf 86' lang='lat' dir='ltr'><strong>interdum</strong></span> <span class='ocrx_word' id='word_1_15' title='bbox 1308 1093 1562 1196; x_wconf 84' lang='lat' dir='ltr'><strong>multicipite,</strong></span> <span class='ocrx_word' id='word_1_16' title='bbox 1612 1107 1733 1176; x_wconf 86' lang='lat' dir='ltr'><strong>aute</strong></span> 
     </span>
     <span class='ocr_line' id='line_1_4' title="bbox 268 1223 1734 1331; baseline -0.01 -15"><span class='ocrx_word' id='word_1_17' title='bbox 268 1237 402 1331; x_wconf 90' lang='lat' dir='ltr'><strong>culmi,</strong></span> <span class='ocrx_word' id='word_1_18' title='bbox 436 1237 500 1314; x_wconf 93' lang='lat' dir='ltr'><strong>ubi</strong></span> <span class='ocrx_word' id='word_1_19' title='bbox 533 1232 750 1325; x_wconf 85' lang='lat' dir='ltr'>decumbit,</span> <span class='ocrx_word' id='word_1_20' title='bbox 782 1231 892 1308; x_wconf 83' lang='lat' dir='ltr'><strong>nodis</strong></span> <span class='ocrx_word' id='word_1_21' title='bbox 926 1243 1054 1306; x_wconf 80' lang='lat' dir='ltr'><strong>terrac</strong></span> <span class='ocrx_word' id='word_1_22' title='bbox 1087 1229 1272 1331; x_wconf 81' lang='lat' dir='ltr'><strong>proximis</strong></span> <span class='ocrx_word' id='word_1_23' title='bbox 1307 1228 1427 1302; x_wconf 86' lang='lat' dir='ltr'><strong>fibrae</strong></span> <span class='ocrx_word' id='word_1_24' title='bbox 1459 1223 1734 1302; x_wconf 79' lang='lat' dir='ltr'><strong>subsaseicula·</strong></span> 
     </span>
    </p>
   </div>
   <div class='ocr_carea' id='block_1_3' title="bbox 267 1357 1305 1460">
    <p class='ocr_par' dir='ltr' id='par_1_3' title="bbox 267 1357 1305 1460">
     <span class='ocr_line' id='line_1_5' title="bbox 267 1357 1305 1460; baseline -0.008 -19"><span class='ocrx_word' id='word_1_25' title='bbox 267 1376 362 1460; x_wconf 84' lang='lat' dir='ltr'><strong>tae,</strong></span> <span class='ocrx_word' id='word_1_26' title='bbox 395 1365 544 1458; x_wconf 90' lang='lat' dir='ltr'><strong>durae,</strong></span> <span class='ocrx_word' id='word_1_27' title='bbox 575 1384 787 1454; x_wconf 82' lang='lat' dir='ltr'>ramosae,</span> <span class='ocrx_word' id='word_1_28' title='bbox 820 1359 1043 1451; x_wconf 77' lang='lat' dir='ltr'><strong>flexuosae,</strong></span> <span class='ocrx_word' id='word_1_29' title='bbox 1084 1357 1305 1456; x_wconf 81' lang='lat' dir='ltr'><strong>spadiceae.</strong></span> 
     </span>
    </p>
   </div>
   <div class='ocr_carea' id='block_1_4' title="bbox 136 1540 1734 2172">
    <p class='ocr_par' dir='ltr' id='par_1_4' title="bbox 136 1540 1734 2172">
     <span class='ocr_line' id='line_1_6' title="bbox 136 1540 1734 1645; baseline 0 -23"><span class='ocrx_word' id='word_1_30' title='bbox 136 1549 327 1623; x_wconf 71' lang='lat' dir='ltr'><strong>Curuus</strong></span> <span class='ocrx_word' id='word_1_31' title='bbox 359 1544 540 1633; x_wconf 81' lang='lat' dir='ltr'><strong>semi—</strong></span> <span class='ocrx_word' id='word_1_32' title='bbox 566 1557 632 1622; x_wconf 86' lang='lat' dir='ltr'><strong>aut</strong></span> <span class='ocrx_word' id='word_1_33' title='bbox 672 1544 755 1620; x_wconf 82' lang='lat' dir='ltr'><strong>scre</strong></span> <span class='ocrx_word' id='word_1_34' title='bbox 796 1540 1126 1643; x_wconf 72' lang='lat' dir='ltr'><strong>ultra-pedicis,</strong></span> <span class='ocrx_word' id='word_1_35' title='bbox 1172 1566 1275 1618; x_wconf 91' lang='lat' dir='ltr'><strong>nunc</strong></span> <span class='ocrx_word' id='word_1_36' title='bbox 1315 1550 1465 1618; x_wconf 81' lang='lat' dir='ltr'><strong>erectus</strong></span> <span class='ocrx_word' id='word_1_37' title='bbox 1506 1551 1546 1618; x_wconf 85' lang='lat' dir='ltr'><strong>et</strong></span> <span class='ocrx_word' id='word_1_38' title='bbox 1576 1555 1734 1645; x_wconf 81' lang='lat' dir='ltr'><strong>praeter</strong></span> 
     </span>
     <span class='ocr_line' id='line_1_7' title="bbox 263 1670 1730 1773; baseline -0.002 -21"><span class='ocrx_word' id='word_1_39' title='bbox 263 1675 376 1753; x_wconf 88' lang='lat' dir='ltr'><strong>basin</strong></span> <span class='ocrx_word' id='word_1_40' title='bbox 417 1673 621 1767; x_wconf 89' lang='lat' dir='ltr'><strong>uninodis,</strong></span> <span class='ocrx_word' id='word_1_41' title='bbox 668 1696 770 1749; x_wconf 90' lang='lat' dir='ltr'><strong>nuno</strong></span> <span class='ocrx_word' id='word_1_42' title='bbox 811 1684 922 1773; x_wconf 80' lang='lat' dir='ltr'><strong>parte</strong></span> <span class='ocrx_word' id='word_1_43' title='bbox 956 1670 1107 1747; x_wconf 83' lang='lat' dir='ltr'><strong>inferna</strong></span> <span class='ocrx_word' id='word_1_44' title='bbox 1155 1682 1371 1770; x_wconf 82' lang='lat' dir='ltr'><strong>prostratus</strong></span> <span class='ocrx_word' id='word_1_45' title='bbox 1421 1680 1461 1746; x_wconf 89' lang='lat' dir='ltr'><strong>et</strong></span> <span class='ocrx_word' id='word_1_46' title='bbox 1508 1671 1730 1770; x_wconf 81' lang='lat' dir='ltr'><strong>plurinodia,</strong></span> 
     </span>
     <span class='ocr_line' id='line_1_8' title="bbox 265 1799 1731 1905; baseline 0 -29"><span class='ocrx_word' id='word_1_47' title='bbox 265 1802 321 1905; x_wconf 87' lang='lat' dir='ltr'><strong>pl.</strong></span> <span class='ocrx_word' id='word_1_48' title='bbox 356 1803 447 1879; x_wconf 89' lang='lat' dir='ltr'><strong>min.</strong></span> <span class='ocrx_word' id='word_1_49' title='bbox 482 1824 689 1894; x_wconf 87' lang='lat' dir='ltr'><strong>ramosus,</strong></span> <span class='ocrx_word' id='word_1_50' title='bbox 722 1799 935 1891; x_wconf 85' lang='lat' dir='ltr'><strong>filisormis,</strong></span> <span class='ocrx_word' id='word_1_51' title='bbox 980 1822 1250 1899; x_wconf 77' lang='lat' dir='ltr'><strong>compressus,</strong></span> <span class='ocrx_word' id='word_1_52' title='bbox 1285 1799 1450 1898; x_wconf 83' lang='lat' dir='ltr'>glaber,</span> <span class='ocrx_word' id='word_1_53' title='bbox 1502 1800 1553 1874; x_wconf 90' lang='lat' dir='ltr'><strong>ad</strong></span> <span class='ocrx_word' id='word_1_54' title='bbox 1586 1801 1731 1876; x_wconf 89' lang='lat' dir='ltr'><strong>nodum</strong></span> 
     </span>
     <span class='ocr_line' id='line_1_9' title="bbox 261 1925 1728 2032; baseline 0.001 -26"><span class='ocrx_word' id='word_1_55' title='bbox 261 1931 465 2008; x_wconf 85' lang='lat' dir='ltr'><strong>barbatum</strong></span> <span class='ocrx_word' id='word_1_56' title='bbox 498 1945 643 2030; x_wconf 82' lang='lat' dir='ltr'><strong>aequus</strong></span> <span class='ocrx_word' id='word_1_57' title='bbox 675 1927 738 2004; x_wconf 81' lang='lat' dir='ltr'><strong>rel</strong></span> <span class='ocrx_word' id='word_1_58' title='bbox 771 1927 1026 2031; x_wconf 79' lang='lat' dir='ltr'>geniculatus,</span> <span class='ocrx_word' id='word_1_59' title='bbox 1059 1929 1131 2005; x_wconf 87' lang='lat' dir='ltr'><strong>sub</strong></span> <span class='ocrx_word' id='word_1_60' title='bbox 1162 1925 1328 2003; x_wconf 85' lang='lat' dir='ltr'><strong>racemis</strong></span> <span class='ocrx_word' id='word_1_61' title='bbox 1361 1927 1515 2005; x_wconf 89' lang='lat' dir='ltr'><strong>demum</strong></span> <span class='ocrx_word' id='word_1_62' title='bbox 1547 1925 1602 2032; x_wconf 88' lang='lat' dir='ltr'><strong>pl.</strong></span> <span class='ocrx_word' id='word_1_63' title='bbox 1634 1927 1728 2007; x_wconf 89' lang='lat' dir='ltr'><strong>min.</strong></span> 
     </span>
     <span class='ocr_line' id='line_1_10' title="bbox 253 2056 561 2172; baseline 0.006 -38"><span class='ocrx_word' id='word_1_64' title='bbox 253 2056 374 2162; x_wconf 82' lang='lat' dir='ltr'><strong>longe</strong></span> <span class='ocrx_word' id='word_1_65' title='bbox 407 2060 561 2172; x_wconf 55' lang='lat' dir='ltr'><strong>nudus,</strong></span> 
     </span>
    </p>
   </div>
   <div class='ocr_carea' id='block_1_5' title="bbox 130 2235 1728 2856">
    <p class='ocr_par' dir='ltr' id='par_1_5' title="bbox 130 2235 1728 2856">
     <span class='ocr_line' id='line_1_11' title="bbox 130 2235 1728 2340; baseline 0.002 -28"><span class='ocrx_word' id='word_1_66' title='bbox 130 2235 348 2316; x_wconf 62' lang='lat' dir='ltr'><strong>vaomar</strong></span> <span class='ocrx_word' id='word_1_67' title='bbox 378 2242 430 2317; x_wconf 85' lang='lat' dir='ltr'><strong>ad</strong></span> <span class='ocrx_word' id='word_1_68' title='bbox 460 2241 574 2319; x_wconf 79' lang='lat' dir='ltr'><strong>basin</strong></span> <span class='ocrx_word' id='word_1_69' title='bbox 601 2265 727 2340; x_wconf 85' lang='lat' dir='ltr'><strong>usque</strong></span> <span class='ocrx_word' id='word_1_70' title='bbox 759 2239 902 2332; x_wconf 74' lang='lat' dir='ltr'><strong>fissae,</strong></span> <span class='ocrx_word' id='word_1_71' title='bbox 949 2237 1457 2339; x_wconf 74' lang='lat' dir='ltr'><strong>carinam-compressae,</strong></span> <span class='ocrx_word' id='word_1_72' title='bbox 1500 2237 1653 2339; x_wconf 81' lang='lat' dir='ltr'><strong>amplae</strong></span> <span class='ocrx_word' id='word_1_73' title='bbox 1687 2258 1728 2315; x_wconf 87' lang='lat' dir='ltr'><strong>et</strong></span> 
     </span>
     <span class='ocr_line' id='line_1_12' title="bbox 261 2365 1727 2470; baseline -0.002 -27"><span class='ocrx_word' id='word_1_74' title='bbox 261 2367 387 2460; x_wconf 78' lang='lat' dir='ltr'><strong>laxae,</strong></span> <span class='ocrx_word' id='word_1_75' title='bbox 420 2369 590 2462; x_wconf 76' lang='lat' dir='ltr'><strong>strictae,</strong></span> <span class='ocrx_word' id='word_1_76' title='bbox 624 2369 797 2470; x_wconf 83' lang='lat' dir='ltr'><strong>glabrae,</strong></span> <span class='ocrx_word' id='word_1_77' title='bbox 830 2368 942 2441; x_wconf 80' lang='lat' dir='ltr'><strong>leuce</strong></span> <span class='ocrx_word' id='word_1_78' title='bbox 976 2379 1015 2440; x_wconf 89' lang='lat' dir='ltr'><strong>et</strong></span> <span class='ocrx_word' id='word_1_79' title='bbox 1037 2365 1143 2444; x_wconf 86' lang='lat' dir='ltr'><strong>circa</strong></span> <span class='ocrx_word' id='word_1_80' title='bbox 1169 2366 1385 2467; x_wconf 86' lang='lat' dir='ltr'><strong>geniculum</strong></span> <span class='ocrx_word' id='word_1_81' title='bbox 1418 2365 1616 2458; x_wconf 87' lang='lat' dir='ltr'><strong>callosum,</strong></span> <span class='ocrx_word' id='word_1_82' title='bbox 1651 2369 1727 2465; x_wconf 85' lang='lat' dir='ltr'><strong>q&#39;uo</strong></span> 
     </span>
     <span class='ocr_line' id='line_1_13' title="bbox 251 2493 1725 2600; baseline -0.001 -29"><span class='ocrx_word' id='word_1_83' title='bbox 251 2521 346 2573; x_wconf 80' lang='lat' dir='ltr'><strong>cum</strong></span> <span class='ocrx_word' id='word_1_84' title='bbox 380 2497 521 2573; x_wconf 88' lang='lat' dir='ltr'><strong>lomina</strong></span> <span class='ocrx_word' id='word_1_85' title='bbox 548 2499 788 2600; x_wconf 87' lang='lat' dir='ltr'><strong>junguntur,</strong></span> <span class='ocrx_word' id='word_1_86' title='bbox 836 2496 1052 2571; x_wconf 86' lang='lat' dir='ltr'><strong>barbatae:</strong></span> <span class='ocrx_word' id='word_1_87' title='bbox 1103 2498 1240 2570; x_wconf 83' lang='lat' dir='ltr'><strong>baseos</strong></span> <span class='ocrx_word' id='word_1_88' title='bbox 1282 2507 1321 2570; x_wconf 85' lang='lat' dir='ltr'><strong>ct</strong></span> <span class='ocrx_word' id='word_1_89' title='bbox 1362 2493 1554 2571; x_wconf 85' lang='lat' dir='ltr'><strong>stolonum</strong></span> <span class='ocrx_word' id='word_1_90' title='bbox 1593 2493 1725 2596; x_wconf 83' lang='lat' dir='ltr'><strong>plures</strong></span> 
     </span>
     <span class='ocr_line' id='line_1_14' title="bbox 256 2621 1724 2723; baseline -0.003 -23"><span class='ocrx_word' id='word_1_91' title='bbox 256 2628 488 2717; x_wconf 78' lang='lat' dir='ltr'><strong>consertae,</strong></span> <span class='ocrx_word' id='word_1_92' title='bbox 520 2625 719 2702; x_wconf 84' lang='lat' dir='ltr'><strong>breviores</strong></span> <span class='ocrx_word' id='word_1_93' title='bbox 753 2643 793 2698; x_wconf 91' lang='lat' dir='ltr'><strong>et</strong></span> <span class='ocrx_word' id='word_1_94' title='bbox 825 2621 996 2715; x_wconf 88' lang='lat' dir='ltr'><strong>hiantes;</strong></span> <span class='ocrx_word' id='word_1_95' title='bbox 1039 2621 1189 2697; x_wconf 90' lang='lat' dir='ltr'><strong>culmea</strong></span> <span class='ocrx_word' id='word_1_96' title='bbox 1224 2621 1392 2723; x_wconf 82' lang='lat' dir='ltr'><strong>longior,</strong></span> <span class='ocrx_word' id='word_1_97' title='bbox 1425 2622 1570 2697; x_wconf 83' lang='lat' dir='ltr'><strong>clausa.</strong></span> <span class='ocrx_word' id='word_1_98' title='bbox 1636 2622 1724 2696; x_wconf 87' lang='lat' dir='ltr'><strong>Lr·</strong></span> 
     </span>
     <span class='ocr_line' id='line_1_15' title="bbox 249 2742 1656 2856; baseline -0.004 -26"><span class='ocrx_word' id='word_1_99' title='bbox 249 2777 383 2830; x_wconf 72' lang='lat' dir='ltr'><strong>ouri</strong></span> <span class='ocrx_word' id='word_1_100' title='bbox 416 2779 553 2856; x_wconf 85' lang='lat' dir='ltr'><strong>mar-go</strong></span> <span class='ocrx_word' id='word_1_101' title='bbox 587 2755 908 2856; x_wconf 81' lang='lat' dir='ltr'><strong>membranaceus</strong></span> <span class='ocrx_word' id='word_1_102' title='bbox 939 2749 1254 2850; x_wconf 67' lang='lat' dir='ltr'><strong>angustissimus,</strong></span> <span class='ocrx_word' id='word_1_103' title='bbox 1299 2742 1416 2850; x_wconf 79' lang='lat' dir='ltr'><strong>caepe</strong></span> <span class='ocrx_word' id='word_1_104' title='bbox 1450 2750 1656 2829; x_wconf 73' lang='lat' dir='ltr'><strong>obsoletus.</strong></span> 
     </span>
    </p>
   </div>
   <div class='ocr_carea' id='block_1_6' title="bbox 126 2930 1721 3419">
    <p class='ocr_par' dir='ltr' id='par_1_6' title="bbox 126 2930 1721 3419">
     <span class='ocr_line' id='line_1_16' title="bbox 126 2930 1721 3035; baseline 0 -25"><span class='ocrx_word' id='word_1_105' title='bbox 126 2933 272 3010; x_wconf 75' lang='lat' dir='ltr'><strong>Poura</strong></span> <span class='ocrx_word' id='word_1_106' title='bbox 303 2934 466 3035; x_wconf 84' lang='lat' dir='ltr'><strong>patula,</strong></span> <span class='ocrx_word' id='word_1_107' title='bbox 498 2931 685 3027; x_wconf 82' lang='lat' dir='ltr'><strong>linearia,</strong></span> <span class='ocrx_word' id='word_1_108' title='bbox 714 2930 835 3032; x_wconf 83' lang='lat' dir='ltr'><strong>plana</strong></span> <span class='ocrx_word' id='word_1_109' title='bbox 867 2941 968 3021; x_wconf 75' lang='lat' dir='ltr'><strong>aul,</strong></span> <span class='ocrx_word' id='word_1_110' title='bbox 1003 2930 1231 3030; x_wconf 79' lang='lat' dir='ltr'><strong>praesertim</strong></span> <span class='ocrx_word' id='word_1_111' title='bbox 1266 2931 1441 3022; x_wconf 84' lang='lat' dir='ltr'><strong>inferne,</strong></span> <span class='ocrx_word' id='word_1_112' title='bbox 1482 2948 1721 3032; x_wconf 76' lang='lat' dir='ltr'><strong>compressa,</strong></span> 
     </span>
     <span class='ocr_line' id='line_1_17' title="bbox 252 3056 1721 3160; baseline -0.004 -20"><span class='ocrx_word' id='word_1_113' title='bbox 252 3062 338 3140; x_wconf 89' lang='lat' dir='ltr'><strong>basi</strong></span> <span class='ocrx_word' id='word_1_114' title='bbox 384 3062 591 3139; x_wconf 82' lang='lat' dir='ltr'><strong>rotundatu</strong></span> <span class='ocrx_word' id='word_1_115' title='bbox 627 3061 791 3136; x_wconf 91' lang='lat' dir='ltr'><strong>culmum</strong></span> <span class='ocrx_word' id='word_1_116' title='bbox 832 3056 1278 3158; x_wconf 82' lang='lat' dir='ltr'><strong>aemi-amplectentia,</strong></span> <span class='ocrx_word' id='word_1_117' title='bbox 1326 3060 1438 3160; x_wconf 88' lang='lat' dir='ltr'><strong>apice</strong></span> <span class='ocrx_word' id='word_1_118' title='bbox 1484 3061 1623 3136; x_wconf 84' lang='lat' dir='ltr'><strong>obtusa</strong></span> <span class='ocrx_word' id='word_1_119' title='bbox 1658 3060 1721 3137; x_wconf 85' lang='lat' dir='ltr'><strong>vel</strong></span> 
     </span>
     <span class='ocr_line' id='line_1_18' title="bbox 254 3185 1719 3290; baseline 0 -25"><span class='ocrx_word' id='word_1_120' title='bbox 254 3188 511 3281; x_wconf 80' lang='lat' dir='ltr'><strong>obtusissima,</strong></span> <span class='ocrx_word' id='word_1_121' title='bbox 552 3187 734 3290; x_wconf 90' lang='lat' dir='ltr'><strong>margine·</strong></span> <span class='ocrx_word' id='word_1_122' title='bbox 761 3185 911 3278; x_wconf 85' lang='lat' dir='ltr'><strong>ciliata,</strong></span> <span class='ocrx_word' id='word_1_123' title='bbox 952 3185 1106 3278; x_wconf 81' lang='lat' dir='ltr'><strong>striata,</strong></span> <span class='ocrx_word' id='word_1_124' title='bbox 1156 3185 1275 3265; x_wconf 79' lang='lat' dir='ltr'><strong>lineas</strong></span> <span class='ocrx_word' id='word_1_125' title='bbox 1313 3190 1460 3267; x_wconf 54' lang='grc' dir='ltr'><strong>ξίν-7</strong></span> <span class='ocrx_word' id='word_1_126' title='bbox 1498 3186 1604 3279; x_wconf 82' lang='lat' dir='ltr'><strong>lala,</strong></span> <span class='ocrx_word' id='word_1_127' title='bbox 1644 3211 1719 3289; x_wconf 89' lang='lat' dir='ltr'><strong>pro</strong></span> 
     </span>
     <span class='ocr_line' id='line_1_19' title="bbox 252 3312 1261 3419; baseline -0.006 -24"><span class='ocrx_word' id='word_1_128' title='bbox 252 3327 402 3395; x_wconf 81' lang='lat' dir='ltr'><strong>cutura</strong></span> <span class='ocrx_word' id='word_1_129' title='bbox 435 3315 618 3419; x_wconf 85' lang='lat' dir='ltr'><strong>graminis</strong></span> <span class='ocrx_word' id='word_1_130' title='bbox 645 3312 843 3415; x_wconf 85' lang='lat' dir='ltr'><strong>pollicaria</strong></span> <span class='ocrx_word' id='word_1_131' title='bbox 865 3313 1261 3413; x_wconf 73' lang='lat' dir='ltr'><strong>-scsquipalmaria</strong></span> 
     </span>
    </p>
   </div>
   <div class='ocr_carea' id='block_1_7' title="bbox 122 3492 1742 3960">
    <p class='ocr_par' dir='ltr' id='par_1_7' title="bbox 122 3492 1742 3960">
     <span class='ocr_line' id='line_1_20' title="bbox 122 3492 1716 3601; baseline 0.004 -33"><span class='ocrx_word' id='word_1_132' title='bbox 122 3493 321 3573; x_wconf 78' lang='lat' dir='ltr'><strong>Racrmr</strong></span> <span class='ocrx_word' id='word_1_133' title='bbox 377 3506 476 3601; x_wconf 72' lang='lat'><strong>¹·.‘</strong></span> <span class='ocrx_word' id='word_1_134' title='bbox 504 3507 563 3572; x_wconf 87' lang='lat'><strong>2·</strong></span> <span class='ocrx_word' id='word_1_135' title='bbox 582 3495 786 3595; x_wconf 73' lang='lat' dir='ltr'><strong>pollicerer</strong></span> <span class='ocrx_word' id='word_1_136' title='bbox 827 3509 873 3570; x_wconf 80' lang='lat' dir='ltr'><strong>ct</strong></span> <span class='ocrx_word' id='word_1_137' title='bbox 921 3492 1138 3597; x_wconf 78' lang='lat' dir='ltr'><strong>longiores,</strong></span> <span class='ocrx_word' id='word_1_138' title='bbox 1189 3495 1335 3590; x_wconf 85' lang='lat' dir='ltr'><strong>erecti,</strong></span> <span class='ocrx_word' id='word_1_139' title='bbox 1382 3495 1716 3593; x_wconf 77' lang='lat' dir='ltr'><strong>contracliuaculi,</strong></span> 
     </span>
     <span class='ocr_line' id='line_1_21' title="bbox 251 3622 1716 3727; baseline 0.003 -29"><span class='ocrx_word' id='word_1_140' title='bbox 251 3625 477 3727; x_wconf 91' lang='lat' dir='ltr'><strong>plerumque</strong></span> <span class='ocrx_word' id='word_1_141' title='bbox 514 3634 562 3717; x_wconf 86' lang='lat'><strong>2,</strong></span> <span class='ocrx_word' id='word_1_142' title='bbox 610 3622 827 3725; x_wconf 81' lang='lat' dir='ltr'><strong>conjugati,</strong></span> <span class='ocrx_word' id='word_1_143' title='bbox 876 3634 941 3698; x_wconf 81' lang='lat' dir='ltr'><strong>aut</strong></span> <span class='ocrx_word' id='word_1_144' title='bbox 975 3623 1039 3714; x_wconf 92' lang='lat' dir='ltr'><strong>(iu</strong></span> <span class='ocrx_word' id='word_1_145' title='bbox 1072 3623 1307 3725; x_wconf 74' lang='lat' dir='ltr'><strong>majoribus)</strong></span> <span class='ocrx_word' id='word_1_146' title='bbox 1358 3625 1397 3704; x_wconf 88' lang='lat' dir='ltr'><strong>in</strong></span> <span class='ocrx_word' id='word_1_147' title='bbox 1431 3625 1490 3701; x_wconf 83' lang='lat' dir='ltr'><strong>axi</strong></span> <span class='ocrx_word' id='word_1_148' title='bbox 1525 3625 1716 3702; x_wconf 87' lang='lat' dir='ltr'><strong>communi</strong></span> 
     </span>
     <span class='ocr_line' id='line_1_22' title="bbox 250 3749 1742 3865; baseline 0.003 -38"><span class='ocrx_word' id='word_1_149' title='bbox 250 3753 440 3852; x_wconf 84' lang='lat' dir='ltr'><strong>triquetro</strong></span> <span class='ocrx_word' id='word_1_150' title='bbox 483 3766 522 3830; x_wconf 87' lang='lat' dir='ltr'><strong>ct</strong></span> <span class='ocrx_word' id='word_1_151' title='bbox 558 3751 700 3854; x_wconf 86' lang='lat' dir='ltr'><strong>glabro</strong></span> <span class='ocrx_word' id='word_1_152' title='bbox 734 3751 792 3852; x_wconf 81' lang='lat' dir='ltr'><strong>pl.</strong></span> <span class='ocrx_word' id='word_1_153' title='bbox 833 3749 927 3831; x_wconf 86' lang='lat' dir='ltr'><strong>min.</strong></span> <span class='ocrx_word' id='word_1_154' title='bbox 969 3749 1240 3865; x_wconf 55' lang='lat' dir='ltr'><strong>semipoillgari</strong></span> <span class='ocrx_word' id='word_1_155' title='bbox 1282 3753 1379 3830; x_wconf 84' lang='lat' dir='ltr'><strong>alter</strong></span> <span class='ocrx_word' id='word_1_156' title='bbox 1418 3753 1577 3837; x_wconf 63' lang='lat' dir='ltr'><strong>inffior</strong></span> <span class='ocrx_word' id='word_1_157' title='bbox 1616 3756 1742 3834; x_wconf 76' lang='lat' dir='ltr'><strong>alter·</strong></span> 
     </span>
     <span class='ocr_line' id='line_1_23' title="bbox 242 3879 471 3960; baseline 0.009 -6"><span class='ocrx_word' id='word_1_158' title='bbox 242 3879 471 3960; x_wconf 67' lang='lat' dir='ltr'><strong>lerminalis·</strong></span> 
     </span>
    </p>
   </div>
   <div class='ocr_carea' id='block_1_8' title="bbox 118 4044 1855 4652">
    <p class='ocr_par' dir='ltr' id='par_1_8' title="bbox 118 4044 1855 4652">
     <span class='ocr_line' id='line_1_24' title="bbox 118 4044 1711 4167; baseline 0.003 -30"><span class='ocrx_word' id='word_1_159' title='bbox 118 4060 234 4138; x_wconf 73' lang='lat' dir='ltr'><strong>Arra</strong></span> <span class='ocrx_word' id='word_1_160' title='bbox 275 4087 527 4141; x_wconf 76' lang='lat' dir='ltr'><strong>ranrrams</strong></span> <span class='ocrx_word' id='word_1_161' title='bbox 563 4062 744 4157; x_wconf 86' lang='lat' dir='ltr'><strong>linearis,</strong></span> <span class='ocrx_word' id='word_1_162' title='bbox 778 4063 1002 4162; x_wconf 51' lang='lat' dir='ltr'><strong>&amp;coaequus</strong></span> <span class='ocrx_word' id='word_1_163' title='bbox 1037 4044 1271 4163; x_wconf 76' lang='lat' dir='ltr'><strong>culparum</strong></span> <span class='ocrx_word' id='word_1_164' title='bbox 1303 4063 1552 4162; x_wconf 82' lang='lat' dir='ltr'><strong>fleruoeulua,</strong></span> <span class='ocrx_word' id='word_1_165' title='bbox 1584 4064 1711 4167; x_wconf 80' lang='lat' dir='ltr'><strong>epicu-</strong></span> 
     </span>
     <span class='ocr_line' id='line_1_25' title="bbox 245 4189 1855 4295; baseline 0.004 -30"><span class='ocrx_word' id='word_1_166' title='bbox 245 4189 290 4266; x_wconf 86' lang='lat' dir='ltr'><strong>lis</strong></span> <span class='ocrx_word' id='word_1_167' title='bbox 323 4192 438 4291; x_wconf 90' lang='lat' dir='ltr'><strong>paulo</strong></span> <span class='ocrx_word' id='word_1_168' title='bbox 474 4194 693 4292; x_wconf 83' lang='lat' dir='ltr'><strong>angustior,</strong></span> <span class='ocrx_word' id='word_1_169' title='bbox 728 4190 885 4292; x_wconf 86' lang='lat' dir='ltr'><strong>glaber,</strong></span> <span class='ocrx_word' id='word_1_170' title='bbox 919 4192 1035 4267; x_wconf 83' lang='lat' dir='ltr'><strong>dorso</strong></span> <span class='ocrx_word' id='word_1_171' title='bbox 1069 4191 1230 4292; x_wconf 88' lang='lat' dir='ltr'><strong>primum</strong></span> <span class='ocrx_word' id='word_1_172' title='bbox 1266 4193 1420 4294; x_wconf 84' lang='lat' dir='ltr'><strong>planus,</strong></span> <span class='ocrx_word' id='word_1_173' title='bbox 1456 4195 1608 4270; x_wconf 85' lang='lat' dir='ltr'><strong>demum</strong></span> <span class='ocrx_word' id='word_1_174' title='bbox 1644 4219 1710 4271; x_wconf 87' lang='lat' dir='ltr'><strong>ca·</strong></span> <span class='ocrx_word' id='word_1_175' title='bbox 1820 4224 1855 4295; x_wconf 59' lang='lat' dir='ltr'><strong>(a,</strong></span> 
     </span>
     <span class='ocr_line' id='line_1_26' title="bbox 244 4316 1709 4418; baseline 0.003 -26"><span class='ocrx_word' id='word_1_176' title='bbox 244 4317 726 4412; x_wconf 69' lang='lat' dir='ltr'><strong>nationum-concavus,</strong></span> <span class='ocrx_word' id='word_1_177' title='bbox 777 4320 904 4395; x_wconf 83' lang='lat' dir='ltr'><strong>fronte</strong></span> <span class='ocrx_word' id='word_1_178' title='bbox 946 4319 994 4392; x_wconf 90' lang='lat' dir='ltr'><strong>ad</strong></span> <span class='ocrx_word' id='word_1_179' title='bbox 1036 4316 1208 4394; x_wconf 86' lang='lat' dir='ltr'><strong>carinam</strong></span> <span class='ocrx_word' id='word_1_180' title='bbox 1251 4321 1519 4418; x_wconf 81' lang='lat' dir='ltr'><strong>septilormem</strong></span> <span class='ocrx_word' id='word_1_181' title='bbox 1550 4321 1709 4398; x_wconf 86' lang='lat' dir='ltr'><strong>biseria·</strong></span> 
     </span>
     <span class='ocr_line' id='line_1_27' title="bbox 244 4444 1710 4571; baseline 0.006 -51"><span class='ocrx_word' id='word_1_182' title='bbox 244 4444 576 4539; x_wconf 77' lang='lat' dir='ltr'><strong>tim-floriferas,</strong></span> <span class='ocrx_word' id='word_1_183' title='bbox 610 4446 663 4523; x_wconf 85' lang='lat' dir='ltr'><strong>ita</strong></span> <span class='ocrx_word' id='word_1_184' title='bbox 696 4458 759 4539; x_wconf 87' lang='lat' dir='ltr'><strong>ut,</strong></span> <span class='ocrx_word' id='word_1_185' title='bbox 793 4447 947 4523; x_wconf 86' lang='lat' dir='ltr'><strong>demum</strong></span> <span class='ocrx_word' id='word_1_186' title='bbox 981 4470 1247 4546; x_wconf 69' lang='lat' dir='ltr'><strong>compressus,</strong></span> <span class='ocrx_word' id='word_1_187' title='bbox 1280 4447 1456 4548; x_wconf 85' lang='lat' dir='ltr'><strong>utrinque</strong></span> <span class='ocrx_word' id='word_1_188' title='bbox 1490 4452 1607 4571; x_wconf 66' lang='lat' dir='ltr'><strong>fiorgo</strong></span> <span class='ocrx_word' id='word_1_189' title='bbox 1640 4472 1710 4555; x_wconf 80' lang='lat' dir='ltr'><strong>ge·</strong></span> 
     </span>
     <span class='ocr_line' id='line_1_28' title="bbox 245 4573 1139 4652; baseline 0.003 -5"><span class='ocrx_word' id='word_1_190' title='bbox 245 4595 331 4649; x_wconf 88' lang='lat' dir='ltr'><strong>rere</strong></span> <span class='ocrx_word' id='word_1_191' title='bbox 363 4574 549 4652; x_wconf 82' lang='lat' dir='ltr'><strong>videatur.</strong></span> <span class='ocrx_word' id='word_1_192' title='bbox 614 4579 881 4652; x_wconf 74' lang='lat' dir='ltr'><strong>Prurcuuur</strong></span> <span class='ocrx_word' id='word_1_193' title='bbox 913 4573 1139 4650; x_wconf 84' lang='lat' dir='ltr'><strong>brevissimi.</strong></span> 
     </span>
    </p>
   </div>
   <div class='ocr_carea' id='block_1_9' title="bbox 115 4731 1838 4991">
    <p class='ocr_par' dir='ltr' id='par_1_9' title="bbox 115 4731 1838 4991">
     <span class='ocr_line' id='line_1_29' title="bbox 115 4731 1704 4863; baseline 0.004 -36"><span class='ocrx_word' id='word_1_194' title='bbox 115 4749 345 4829; x_wconf 74' lang='lat' dir='ltr'><strong>Srrcouar</strong></span> <span class='ocrx_word' id='word_1_195' title='bbox 378 4754 596 4854; x_wconf 85' lang='lat' dir='ltr'><strong>ellipticae,</strong></span> <span class='ocrx_word' id='word_1_196' title='bbox 631 4781 910 4857; x_wconf 85' lang='lat' dir='ltr'><strong>compressae,</strong></span> <span class='ocrx_word' id='word_1_197' title='bbox 952 4768 1116 4853; x_wconf 82' lang='lat' dir='ltr'><strong>aculae,</strong></span> <span class='ocrx_word' id='word_1_198' title='bbox 1163 4755 1206 4841; x_wconf 78' lang='lat' dir='ltr'><strong>in</strong></span> <span class='ocrx_word' id='word_1_199' title='bbox 1236 4731 1446 4847; x_wconf 63' lang='lat' dir='ltr'><strong>minoribus</strong></span> <span class='ocrx_word' id='word_1_200' title='bbox 1476 4757 1603 4863; x_wconf 78' lang='lat' dir='ltr'><strong>mugio</strong></span> <span class='ocrx_word' id='word_1_201' title='bbox 1635 4782 1704 4858; x_wconf 88' lang='lat' dir='ltr'><strong>ap·</strong></span> 
     </span>
     <span class='ocr_line' id='line_1_30' title="bbox 241 4874 1838 4991; baseline 0.004 -35"><span class='ocrx_word' id='word_1_202' title='bbox 241 4882 476 4982; x_wconf 85' lang='lat' dir='ltr'><strong>proximatae</strong></span> <span class='ocrx_word' id='word_1_203' title='bbox 513 4896 551 4960; x_wconf 84' lang='lat' dir='ltr'><strong>et</strong></span> <span class='ocrx_word' id='word_1_204' title='bbox 585 4884 685 4962; x_wconf 88' lang='lat' dir='ltr'><strong>linea</strong></span> <span class='ocrx_word' id='word_1_205' title='bbox 718 4885 832 4986; x_wconf 88' lang='lat' dir='ltr'><strong>paulo</strong></span> <span class='ocrx_word' id='word_1_206' title='bbox 867 4885 1087 4991; x_wconf 55' lang='lat' dir='ltr'><strong>longiorq,</strong></span> <span class='ocrx_word' id='word_1_207' title='bbox 1132 4874 1348 4990; x_wconf 60' lang='lat' dir='ltr'><strong>imrajori</strong></span> <span class='ocrx_word' id='word_1_208' title='bbox 1376 4898 1416 4965; x_wconf 85' lang='lat' dir='ltr'><strong>et</strong></span> <span class='ocrx_word' id='word_1_209' title='bbox 1448 4900 1579 4967; x_wconf 84' lang='lat' dir='ltr'><strong>erecto</strong></span> <span class='ocrx_word' id='word_1_210' title='bbox 1613 4910 1703 4991; x_wconf 84' lang='lat' dir='ltr'><strong>gra·</strong></span> <span class='ocrx_word' id='word_1_211' title='bbox 1834 4892 1838 4900; x_wconf 85' lang='lat'>&#39;</span> 
     </span>
    </p>
   </div>
   <div class='ocr_carea' id='block_1_10' title="bbox 0 0 2040 6276">
    <p class='ocr_par' dir='ltr' id='par_1_10' title="bbox 0 0 2040 6276">
     <span class='ocr_line' id='line_1_31' title="bbox 0 0 2040 6276; baseline 0 0"><span class='ocrx_word' id='word_1_212' title='bbox 0 0 2040 6276; x_wconf 95' lang='lat' dir='ltr'><strong> </strong></span> 
     </span>
    </p>
   </div>
  </div>
 </body>
</html>
