4094 6292
241 648 491 776 dotavisses.
546 651 719 743 Etenim
745 656 867 745 omni
893 689 993 745 cura
1025 657 1244 770 adhibita,
1290 655 1488 750 intellexi
1514 678 1560 747 et
1584 687 1685 777 ego,
1718 688 1845 750 omne

244 842 507 965 principium
535 843 637 932 artis
679 844 999 935 difficultatibus
1038 849 1127 936 suis
1166 847 1306 969 premi
1345 871 1392 938 et
1429 845 1650 967 impediri.
1732 854 1846 940 Nam

245 1036 428 1127 lentiore
470 1037 642 1122 demum
669 1038 801 1154 gradu
828 1039 940 1155 apud
965 1068 1044 1125 nos
1091 1068 1159 1125 ars
1198 1036 1512 1158 lithographica
1552 1040 1607 1127 ad
1645 1043 1846 1154 maiorem

243 1228 431 1346 aliquam
496 1223 801 1342 perfectionem
854 1225 983 1316 evehi
1037 1226 1208 1346 coepitr
1281 1235 1397 1342 cujus
1459 1229 1524 1316 rei
1584 1229 1847 1318 luculentum

246 1405 546 1538 documentum
595 1413 882 1533 posteriorum
932 1420 1231 1509 fasciculorum
1268 1417 1432 1507 tabulas
1474 1426 1557 1532 jam
1608 1417 1847 1538 suppedita-

243 1608 381 1710 visse,
429 1633 554 1722 spero
581 1606 700 1710 fore,
745 1604 821 1721 qui
847 1615 1092 1699 concedant.
1176 1617 1320 1728 Atque
1347 1604 1454 1697 haec
1480 1638 1564 1696 una
1593 1609 1675 1696 fuit
1700 1638 1844 1714 causa,

231 1807 316 1884 'cur
356 1795 550 1913 priorum
596 1794 894 1888 fasciculorum
935 1800 1071 1889 editio
1109 1796 1352 1888 itemtidem
1394 1801 1711 1888 retardaretur..
1764 1799 1848 1890 sed

243 1984 432 2104 priorem
502 1984 604 2072 artis
660 2009 829 2075 nostrae
883 1991 1096 2079 defectum
1148 1988 1211 2076 ita
1266 1988 1464 2106 supplere
1517 2011 1564 2076 et
1617 1989 1845 2076 emendare

243 2175 516 2280 conabimur,
577 2197 648 2280 ut,
703 2181 818 2294 quod
855 2184 939 2289 jam
975 2182 1029 2268 ad
1068 2201 1235 2267 sextum
1274 2177 1522 2265 fasciculum
1557 2175 1845 2296 promisimus,

244 2364 555 2453 delineationes
584 2367 725 2453 minus
754 2369 863 2457 bene
891 2400 1110 2488 expressas
1138 2399 1235 2455 cum
1263 2366 1362 2455 aliis
1399 2366 1676 2473 melioribus,
1716 2365 1846 2484 gratie

244 2555 577 2661 distribuendis,
609 2580 927 2676 permutemus3
968 2557 1211 2647 tarditatem
1239 2589 1343 2647 vero
1369 2559 1485 2678 quod
1512 2556 1691 2665 attinet,
1722 2588 1846 2677 spon·

244 2752 346 2836 dere
374 2755 457 2859 jam
483 2750 599 2857 licet,
627 2745 782 2868 quovis
807 2747 1005 2867 proximo
1033 2779 1146 2837 anno
1174 2748 1384 2868 integrum
1412 2746 1743 2867 monographiae
1771 2746 1848 2849 hug

244 2951 308 3056 jus
336 2941 539 3029 volumen
567 2936 768 3026 continua
795 2941 905 3027 serie
932 2939 1096 3029 editum
1128 2937 1200 3027 iri.
1282 2937 1481 3056 Denique
1521 2936 1760 3045 erroribus,
1808 2937 1847 3026 si

246 3136 323 3256 qui
348 3131 508 3254 passim
535 3127 678 3234 obvii,
708 3152 780 3235 ut,
810 3161 907 3218 cum
934 3131 984 3218 in
1013 3129 1298 3248 descriptione
1324 3151 1369 3217 et
1383 3127 1545 3248 analysi
1561 3135 1847 3222 Aaronem

246 3335 359 3416 ovnti
398 3322 508 3408 male
546 3319 791 3436 exemplum
830 3318 877 3406 in
920 3319 1047 3410 horto
1088 3321 1250 3408 cultum
1291 3343 1389 3410 ante
1431 3321 1576 3408 oculos
1606 3319 1846 3429 habuimus,

245 3516 421 3634 prolatis
463 3509 585 3599 novis
621 3508 762 3628 iisque
788 3510 1113 3600 correctioribus
1150 3534 1195 3600 et
1225 3509 1585 3599 delineationibus
1617 3531 1662 3600 et
1691 3509 1846 3600 descri-

246 3703 467 3822 ptionibus
495 3736 620 3825 quarn
649 3700 842 3820 proxime
866 3699 1144 3789 medebimur.
1203 3698 1434 3820 Petropoli,
1455 3731 1512 3788 m.
1528 3702 1649 3791 Febr.
1670 3706 1787 3794 1828.

755 4091 1313 4122 w
