4072 6284
349 598 673 684 PASPALUM
712 592 1304 681 cnnrsosutcnrun
1354 593 1557 680 Senatu.

719 769 787 850 Tr.
817 770 927 884 Dies.
958 770 1014 853 II.
1044 793 1085 874 p.
1122 779 1198 854 88.

189 1099 400 1205 Rouana
431 1100 519 1183 basi
551 1101 667 1183 eulmi
700 1103 821 1181 fibrae
853 1099 955 1178 inter
984 1123 1167 1202 squamas
1190 1099 1382 1182 radicales
1410 1122 1593 1204 sparsae,
1623 1123 1720 1184 eon·

315 1230 465 1331 sertae,
490 1227 705 1332 simplices,
736 1229 950 1322 flexuosae,
984 1229 1231 1309 latescentes

185 1399 387 1478 Connus
416 1411 460 1478 ut
490 1396 1189 1498 videturneeambendo·0bliqu1a,
1228 1399 1282 1500 pl.
1317 1396 1408 1475 mira
1441 1395 1611 1499 putialis,
1652 1399 1721 1476 tri·

311 1539 766 1628 queue-eompressas,
798 1527 863 1606 vir
895 1526 1072 1620 striatas,
1106 1527 1266 1619 nitidas,
1299 1526 1350 1605 ad
1383 1527 1510 1605 nodos
1539 1525 1720 1606 brevissi·

315 1678 425 1752 mos,
474 1655 654 1758 glabros,
697 1653 739 1733 in
770 1656 885 1735 calmi
918 1666 1032 1758 parte
1064 1654 1241 1733 inferiori
1266 1655 1414 1753 plures
1447 1665 1490 1731 ot
1526 1655 1721 1732 consertos

313 1807 482 1883 aequus,
529 1785 601 1861 sub
631 1783 801 1863 racemis
837 1809 917 1863 non
955 1784 1073 1885 longe
1113 1784 1242 1861 nudas-
1274 1797 1320 1861 et
1355 1805 1475 1862 aureo
1488 1820 1507 1840 ·
1526 1779 1723 1885 pilosulus,

317 1910 402 1989 basi
436 1922 638 1989 contracto
655 1935 889 1991 -uamosust
938 1911 1056 1989 ramis
1089 1909 1282 1987 floriferis.

192 2078 419 2158 Vsornaa
462 2082 514 2158 ad
553 2079 665 2159 basin
703 2100 826 2181 usqne
865 2083 1002 2173 fissae,
1060 2082 1189 2176 laxae,
1239 2078 1414 2158 carinato
1429 2123 1446 2139 ·
1463 2096 1728 2182 compressae,

314 2209 497 2307 striatas,
532 2209 712 2313 glabrae,
748 2211 900 2288 faucem
934 2231 1071 2287 versus
1105 2218 1322 2286 tomentoso
1343 2207 1590 2308 ·pilosulae:
1624 2211 1722 2290 inse·

315 2335 440 2416 riores
472 2340 630 2431 breves,
670 2336 879 2439 plurimae,
922 2338 1143 2427 consertae,
1193 2334 1724 2435 subdistieho-imbricatae,

311 2464 537 2543 internodiis
576 2465 801 2569 longiores3
845 2461 1066 2565 superiores
1106 2460 1248 2542 sensim
1265 2512 1269 2516 ·
1289 2463 1481 2565 majores,
1525 2464 1575 2544 ad
1613 2464 1715 2546 oani-

313 2615 406 2670 nam
438 2616 607 2694 superne
639 2594 830 2670 interdum
864 2593 1085 2670 ciliatulae:
1125 2616 1310 2691 suprema
1342 2592 1573 2696 praelonga.
1640 2596 1717 2672 Lr·

312 2741 437 2797 onus
468 2745 606 2825 margo
640 2723 966 2799 membmaaeeoe
992 2719 1297 2823 angustissimus.

185 2887 338 2966 roan
370 2890 732 2992 incurvo-patula,
773 2889 1026 2969 subcoriauea
1060 2902 1100 2967 et
1133 2888 1436 2991 subpungentia‚
1477 2913 1718 2994 compressa,

312 3018 495 3097 sulcato·
513 3017 668 3113 striata,
718 3019 894 3123 margine
933 3019 1052 3097 dense
1093 3016 1277 3115 brevique
1319 3017 1475 3096 eiliata:
1533 3020 1717 3097 inferiora

313 3145 500 3247 plurima,
537 3154 561 3222 2
582 3146 788 3247 -sesqui
806 3189 822 3207 ·
842 3145 1043 3246 pollicaria
1060 3173 1071 3239 ;
1120 3143 1325 3242 superiora
1358 3146 1554 3223 breviora.

180 3315 379 3395 lineam
425 3316 525 3400 7-
554 3321 606 3391 to
627 3314 899 3409 ·terminnles,
952 3315 1002 3391 ad
1036 3313 1124 3391 axin
1157 3336 1400 3390 communem
1432 3286 1721 3412 brevissilaum,

309 3442 539 3544 triquetrum
563 3455 603 3522 et
621 3442 895 3547 breripilosum
918 3441 1347 3546 subdigitato·alterni,
1381 3443 1585 3549 fastigiati,
1616 3466 1713 3524 eon-

307 3569 559 3649 traetiusouli.
624 3568 629 3583 ’
1719 3596 1723 3603 ·

176 3744 290 3821 Ans
331 3739 504 3842 partialis
539 3737 754 3838 pertenuis,
811 3739 986 3831 linearis,
1042 3742 1105 3818 vix
1139 3742 1393 3835 flexuosulus,
1451 3744 1567 3821 dorso
1601 3763 1710 3818 com·

306 3867 504 3972 planatus,
538 3867 665 3943 fronte
698 3869 746 3942 ob
780 3891 942 3944 nervum
974 3871 1140 3947 medium
1175 3871 1460 3970 prominentem
1494 3869 1709 3967 subtrique·

303 4014 365 4075 ter
396 4009 436 4072 et
467 3993 677 4072 biseriatim
712 3991 921 4090 floriferua,
961 3997 1128 4098 spiculus
1150 3998 1347 4094 latitudine
1376 4021 1566 4096 aequans,
1605 4020 1708 4071 mar·

305 4126 392 4230 gine
418 4121 644 4227 eglandulis
670 4118 834 4199 minimis
860 4134 949 4198 utet
969 4128 1039 4201 sub
1064 4126 1222 4226 spiculis
1246 4129 1365 4203 dense
1388 4126 1585 4225 pililerus:
1618 4121 1706 4224 pilis

303 4251 453 4355 rigidis,
497 4249 738 4351 patentibus,
791 4249 937 4344 aureis,
976 4255 1133 4354 spiculis
1160 4253 1277 4353 triplo
1308 4251 1557 4354 longioribus
1623 4247 1706 4327 Pa·

302 4404 495 4458 arenant
536 4375 679 4477 pusilli,
730 4379 778 4454 ad
812 4403 973 4455 nervum
1012 4381 1093 4458 aris
1126 4379 1293 4458 medium
1335 4379 1512 4479 utrinque
1552 4374 1701 4470 alterni,

299 4507 463 4584 uniflori.
698 4506 701 4511 ’

172 4683 406 4759 serenans
441 4672 653 4773 ellipticae,
690 4675 789 4750 linea
822 4672 977 4750 dimidia
1010 4677 1229 4770 breviores,
1273 4681 1456 4781 glabrae,
1492 4677 1634 4752 fuscae.

172 4852 407 4926 Gauianus
442 4842 618 4941 inferior
655 4845 857 4947 (exterior)
892 4844 1116 4937 manifesta,
1169 4848 1416 4942 brevissima,
1456 4847 1702 4927 membrana·
