4094 6292
466 636 802 731 nuscum
866 644 1351 731 sccuuschs.

142 972 325 1056 rum
358 956 660 1058 nsnrcsurns
694 986 717 1058 e
749 976 861 1060 nodis
882 975 1290 1059 'eulmi'inserioribus
1320 944 1542 1073 maasiae,
1582 974 1676 1057 sim·

273 1105 539 1209 pliniusculae,
573 1107 737 1187 albidas.

144 1239 347 1356 Curuus*
380 1272 639 1375 decumbens,
698 1300 787 1358 eum
825 1277 1008 1380 panicula
1048 1272 1317 1391 ultrapedalis,
1364 1272 1509 1369 tenuis,
1557 1281 1677 1364 teres,

244 1392 494 1505 'tenuissime
527 1405 699 1504 striatas,
749 1407 906 1510 glaber,
968 1407 1112 1484 multi·
1144 1413 1252 1499 (10)
1284 1402 1414 1497 nodIs,
1466 1402 1514 1478 ad
1548 1402 1677 1479 nodos

268 1530 420 1612 breves
445 1544 486 1607 et
518 1528 678 1634 glabros
709 1532 850 1638 parum
883 1534 1146 1639 geniculatus,
1178 1530 1328 1612 inferne
1351 1528 1560 1623 undenus,
1593 1552 1675 1606 me·

203 1693 206 1698 ·
267 1661 333 1737 dio
367 1658 770 1760 inlidere-ramosus,
802 1674 909 1743 totns
941 1661 1158 1765 vaginatus.

109 1834 364 1915 ‘Vsusnrs
395 1853 518 1930 usque
550 1830 602 1907 ad
633 1827 746 1910 basin
779 1833 915 1927 fissae,
953 1831 1232 1925 aretiusculae,
1265 1829 1482 1931 remigerae
1514 1829 1676 1923 solutae,

269 1959 452 2053 striatas,
502 1957 684 2061 glabrae,
721 1982 900 2060 'superne
935 1961 986 2037 ad
1019 1956 1215 2060 margines
1246 1957 1434 2056 senesque
1451 1959 1559 2044 ‚albo
1576 1999 1594 2016 ·
1634 1970 1676 2035 et

265 2085 361 2165 satis
393 2084 529 2188 longi·
548 2085 726 2186 pilosae:
766 2086 972 2167 inferiores
1004 2084 1231 2165 internodiis
1267 2084 1441 2178 <circiter
1472 2084 1673 2187 pollicari·

265 2215 358 2306 bus)
390 2213 610 2307 breviores,
650 2214 872 2313 superiores
902 2215 1039 2324 iisdem
1071 2211 1213 2291 sensim
1247 2211 1457 2315 longiores.
1486 2267 1490 2271 -
1524 2214 1674 2292 Lnou·

268 2367 323 2417 ns
356 2341 678 2452 membranacea,
716 2342 864 2438 brevis,
898 2345 1050 2421 obtuse.

33 2527 111 2612 F
133 2535 288 2594 onus
318 2511 474 2633 patula,
515 2520 689 2590 naturate
721 2511 879 2610 uiridia,
918 2508 1159 2605 lanceolata,
1200 2521 1333 2605 acuta,
1372 2510 1510 2611 planu,
1542 2512 1672 2593 medio

182 2640 186 2644 ’
266 2638 423 2717 circiter
455 2637 577 2717 lineas
612 2641 640 2717 d
672 2636 773 2736 lata,
822 2639 998 2743 margine
1031 2637 1222 2740 hispidula
1254 2650 1294 2716 et
1326 2639 1437 2716 basin
1476 2665 1614 2719 versus
1648 2665 1673 2720 e

269 2767 458 2870 glandulis
492 2765 667 2870 pilifera,
710 2767 854 2869 pagina
888 2768 1071 2845 inferiore
1104 2765 1297 2867 punctulis
1329 2766 1430 2844 raris
1463 2769 1671 2862 minimis·,

268 2895 468 2993 superiore
500 2917 791 2994 nonnumquam
824 2897 911 2997 pilis
933 2893 1170 2975 brevissimis
1193 2896 1401 2994 adspersa,
1450 2896 1672 2974 tenuissime

263 3022 419 3119 striata,
449 3044 573 3100 nervo
604 3022 732 3100 medio
766 3024 871 3101 tenui
902 3049 980 3101 non
1011 3046 1171 3123 prorsus
1201 3037 1486 3122 percurrente;
1525 3023 1669 3102 sensim

262 3149 463 3256 longiora:
503 3149 685 3228 inferiora
717 3150 848 3253 sesqui
863 3191 902 3249 ·,
944 3150 1144 3255 superiora
1178 3162 1241 3228 3·
1255 3149 1471 3250 polliceris.

33 3330 142 3393 'A
212 3341 390 3398 nrcuus
429 3318 565 3399 esolii
598 3321 767 3423 supremi
809 3321 952 3424 vagina
983 3319 1169 3424 prodiens
1201 3321 1468 3422 semipedalis,
1514 3340 1668 3425 patens,

266 3448 518 3543 lucidissime,
565 3473 643 3554 pro
675 3450 937 3554 magnitudine
970 3474 1041 3529 sua
1073 3449 1375 3551 subpauoidora.
1488 3500 1492 3507 ·

56 3632 147 3691 x
173 3643 254 3698 :s
283 3642 450 3723 aequus,
497 3619 622 3698 tenuis
655 3630 696 3696 et
728 3642 896 3722 superne
929 3617 1217 3721 subcapillaris,
1257 3619 1543 3720 teretinscnlus‚
1583 3620 1668 3725 gla-

267 3754 359 3847 ber,
397 3755 420 3832 7
447 3787 500 3807 ·-
527 3758 552 3827 8
588 3769 721 3846 parus.
789 3747 901 3822 Rodii
924 3743 1155 3843 tenuissimi,
1189 3747 1392 3826 inferiores
1424 3748 1526 3825 intra
1559 3748 1668 3852 vagi·

267 3903 359 3956 nam
392 3876 548 3976 plures,
590 3879 810 3974 superiores
842 3874 921 3953 bini
955 3874 1210 3972 solitariique,
1248 3876 1367 3976 patuli
1401 3889 1441 3953 et
1473 3887 1667 3975 patentes,

269 4003 453 4102 subsequi
480 4014 547 4079 aut
570 4003 707 4081 leviter
732 4004 955 4099 fiexuosuli,
986 4002 1070 4079 basi
1104 4002 1506 4097 calloso-incrassati,
1548 4003 1666 4105 longe

235 4130 367 4210 ‘infra
399 4132 568 4207 medium
602 4128 741 4207 divisi:
797 4130 955 4208 radiolis
986 4129 1327 4229 subcapillaribus,
1370 4129 1532 4230 glabris,
1573 4154 1665 4229 per·

236 4262 357 4347 uhde
390 4258 529 4361 patulis
562 4274 601 4335 et
634 4259 775 4337 divisis.
839 4260 1101 4339 Pnn1cunu1
1135 4256 1200 4338 alii
1233 4262 1391 4351 breves,
1431 4256 1492 4331 alii
1513 4257 1666 4358 longio-

266 4414 330 4469 res
368 4403 408 4464 et
447 4385 683 4489 longissimi,
740 4385 887 4491 glabri,
940 4384 1137 4486 subipsa
1176 4384 1323 4488 spicula
1371 4384 1537 4461 torulum
1583 4384 1665 4462 sor·

263 4528 428 4594 mantes.
1348 4528 1353 4537 ‘

33 4648 132 4737 ι’
156 4700 198 4756 1
230 4712 372 4769 conss
404 4683 685 4779 subrotundae,
734 4680 798 4758 vix
831 4681 973 4761 lineam
1008 4683 1203 4764 dimidiam
1236 4685 1399 4790 longae,
1446 4706 1467 4761 e
1501 4680 1664 4785 ferrugi-¹

267 4828 379 4913 neo,⁵
392 4813 516 4917 uiridi
547 4814 733 4913 fuscoque
766 4810 912 4889 variae.
1056 4842 1057 4846 Ν
