4072 6284
919 330 943 383 a
1387 302 1435 385 i.-

240 610 244 617 ·
449 628 471 637 ··
521 570 1192 697 nonsummum
1239 611 1481 699 aaran·

349 728 1239 929 '·4²stmffimm

1587 954 1595 968 Ι
1622 898 1630 945 ¹l

231 1151 388 1245 llanrx
417 1176 442 1232 e
473 1152 587 1233 culmi
619 1150 704 1231 basi
735 1150 928 1233 aaaron
957 1152 1083 1228 librae
1114 1163 1272 1248 tenues,
1312 1153 1529 1257 simplices,
1568 1148 1763 1239 albente&

232 1304 435 1397 ciramea
477 1321 751 1419 adscendeodo
767 1362 785 1381 ·
801 1332 974 1413 erectus,
994 1292 1326 1422 §equipedalim
1374 1292 1759 1435 compresslbsculus,

358 1449 495 1550 glaber
527 1463 567 1524 et
598 1448 795 1542 nitidulus,
829 1449 976 1524 inferne
1002 1446 1234 1545 plurinodis,
1267 1447 1532 1528 foliosissimus
1566 1442 1622 1523 et*
1636 1469 1758 1547 saepe
1844 1468 1882 1513 -a

287 1588 558 1668 ·''‘tamosus,
595 1600 762 1675 superne
797 1575 940 1666 tenuis,
982 1563 1107 1647 nudus
1141 1589 1179 1651 et
1211 1573 1590 1674 sulcato-triqueter
1606 1595 1626 1664 3·
1665 1568 1759 1647 nodi

358 1702 517 1794 breves,
567 1702 832 1798 retusiuseuli,
883 1703 924 1780 in
955 1697 1154 1794 omnibus,
1203 1725 1302 1800 quae
1336 1700 1433 1798 ridi,
1483 1698 1757 1804 speciminibus

287 1825 556 1928 ι-ςὶιαιῖ.

225 1994 462 2070 Vaesana
490 1997 541 2074 ad
572 1997 684 2091 basin
717 2022 839 2098 usque
873 1998 1008 2096 fissae,
1041 1992 1276 2077 interourlio‘
1274 1988 1504 2098 longiores,
1548 1993 1758 2075 nummus

354 2146 625 2223 compressae,
665 2126 844 2216 striatas,
893 2128 1073 2227 glabrae,
1121 2124 1295 2247 maQue
1328 2148 1494 2241 superne
1528 2122 1757 2239 breuissime

357 2261 397 2324 et
429 2251 547 2327 dense
572 2253 744 2346 cilistae,
777 2253 914 2328 laxae:
948 2253 1172 2344 inferior,es
1207 2251 1438 2349 praesertim
1471 2273 1607 2326 versus
1642 2244 1758 2326 culmi

351 2376 535 2469 medium,
571 2378 780 2493 plurimae,
814 2381 1011 2456 consertae
1044 2401 1084 2457 et
1118 2377 1385 2453 subdisticlro·
1401 2377 1655 2467 imbricatue3
1689 2398 1755 2451 su·

355 2526 493 2602 prema
532 2505 700 2606 longior,
751 2482 879 2582 medio
918 2507 1033 2603 paulo
1075 2523 1305 2582 tumescens.
1389 2503 1580 2579 Laeuus
1617 2523 1755 2605 margo

343 2632 688 2755 membranaceus,
723 2633 1029 2769 angustissimus,
1061 2634 1292 2733 pubescens.

222 2796 370 2874 Foeta
403 2797 555 2896 patula,
583 2760 781 2893 linearia,
831 2800 1081 2875 acuminato·
1099 2812 1314 2888 attenuata
1363 2751 1475 2874 firma
1508 2807 1547 2873 et
1579 2799 1753 2898 subpun-

277 2927 498 3025 gentia,
541 2949 769 3026 compressa
790 2939 829 3003 et
859 2927 898 3002 in
931 2928 1005 3002 hoc
1038 2941 1144 3002 statu
1177 2927 1317 3002 lineam
1351 2950 1439 3002 eum
1472 2924 1632 3001 timuis
1661 2926 1753 3037 lata,

226 3066 232 3077 ·
349 3050 504 3144 striata,
520 3052 693 3171 glabra,
728 3053 837 3130 basin
862 3046 997 3169 reisue
1030 3053 1205 3172 margine
1230 3053 1414 3152 pilisera,
1420 3050 1666 3175 palmaria,
1673 3053 1753 3175 Ιιαξ

352 3179 465 3279 ginae
499 3202 703 3279 supremae
738 3174 1061 3279 sesquipollicare
1087 3195 1126 3256 et
1160 3154 1327 3258 brevius

222 3341 462 3420 arcam
452 3369 490 3421 ru
515 3349 758 3445 pedunculis,
792 3347 981 3450 evagina
1014 3371 1196 3447 suprema
1229 3347 1403 3424 solitario
1437 3347 1497 3423 vel
1534 3347 1631 3425 binis
1661 3350 1752 3426 sub·

347 3473 588 3568 aequalibus,
638 3476 875 3568 terminales,
927 3482 1061 3550 2—5
1086 3479 1200 3564 -7‚
1255 3475 1394 3566 erecti,
1446 3500 1581 3575 parum
1616 3474 1751 3574 patuli,

347 3599 472 3696 sesqui
496 3640 548 3654 -
571 3600 607 3675 bi
624 3643 641 3658 ·
658 3603 893 3700 polliceres3·
909 3650 915 3655 -
934 3601 1159 3701 subeligitstl
1193 3603 1255 3676 vel
1290 3603 1338 3676 ad
1374 3602 1481 3692 axin,
1525 3603 1751 3700 plerumque

349 3725 693 3824 semipolliearem,
735 3729 958 3829 triquetrum
994 3729 1212 3824 hirtumque
1246 3728 1404 3822 alterni,
1444 3730 1516 3805 toti
1549 3729 1659 3820 sulvi,
1692 3752 1753 3807 se·

347 3849 427 3927 rius
461 3852 577 3952 paulo
611 3856 884 3933 luscescentes.

216 4016 329 4090 Ana
365 4043 616 4097 enarrarre
651 4023 823 4113 linearis,
866 4024 1022 4124 spiculis
1055 4043 1120 4099 aut
1152 4023 1268 4122 paulo
1303 4024 1416 4101 latior
1451 4037 1516 4102 aut
1550 4019 1750 4099 latitudine

349 4147 506 4222 easdem
533 4173 723 4247 aequans,
763 4153 938 4251 margine
967 4153 1176 4252 pupillosus
1211 4165 1249 4226 et
1274 4177 1294 4225 e
1320 4154 1471 4252 papillis
1505 4152 1604 4251 pilos
1636 4146 1749 4223 emit·

343 4283 428 4348 teus
462 4288 661 4372 patentes,
697 4277 850 4374 spiculis
885 4280 1000 4378 duplo
1037 4277 1252 4376 longiores,
1285 4280 1404 4354 dorso
1429 4281 1586 4380 planus,
1621 4275 1750 4352 fronte

345 4423 418 4496 pro
463 4401 618 4499 spiculis
661 4425 868 4481 excavatus
918 4420 955 4480 et
997 4409 1047 4480 ob
1090 4428 1254 4478 nervum
1297 4406 1464 4493 medium
1504 4403 1749 4479 membranu-

335 4550 456 4603 eeum
490 4530 773 4627 prominentem
808 4531 1005 4630 triqueter.

213 4694 446 4772 semaam
475 4696 682 4794 ellipticae‚
724 4700 976 4775 semilineales
996 4714 1059 4776 aut
1078 4701 1267 4792 minores,
1303 4701 1350 4772 ad
1371 4722 1529 4773 nervum
1559 4696 1637 4773 axis
1663 4718 1744 4771 me·

344 4820 446 4898 dium
465 4823 682 4900 alternatim
705 4827 854 4904 sessiles
888 4843 927 4904 et
952 4828 1038 4927 pilis
1064 4831 1265 4918 sull'ultae,
1308 4827 1530 4919 biseriales,
1571 4825 1743 4927 glabrae.
