4072 6284
399 615 802 698 ALOQECURUS
836 615 1176 696 Putuunsts
1221 615 1613 696 CAUCAVSlCUS.

366 949 427 1025 De
466 947 678 1045 Alopecnr'i
712 951 934 1045 pratensis,
994 944 1163 1047 partium
1204 969 1364 1026 auarum
1403 945 1534 1023 formis
1577 947 1777 1052 multiplici

239 1075 351 1152 modo
391 1072 577 1170 ludentis,
632 1072 905 1170 varietatibus,
958 1077 1175 1152 ruthenico
1216 1100 1392 1174 quoque,
1447 1076 1638 1154 sufficient
1678 1102 1777 1177 quac

233 1205 486 1281 disseruimus
518 1199 558 1312 in
589 1202 698 1278 Dios.
729 1201 777 1277 de
807 1225 865 1300 qr.
899 1206 995 1276 ant·
1028 1209 1065 1277 ct
1085 1208 1260 1305 sesquist.
1292 1227 1333 1301 p.
1368 1203 1466 1279 1'l2.
1491 1228 1577 1304 sqq.
1644 1206 1778 1284 Varie·

234 1333 306 1412 tati
336 1344 472 1409 tamen
505 1326 657 1420 humili,
707 1331 816 1435 cujus
850 1330 1042 1431 permulta
1080 1348 1213 1409 exacte
1248 1328 1410 1406 invicem
1446 1330 1581 1407 similia
1614 1333 1777 1410 vidimus

240 1457 454 1561 specimina
492 1456 531 1533 in
570 1455 736 1535 Caucasi
784 1471 912 1535 monte
947 1459 1141 1534 Beschtau
1184 1461 1304 1550 lecta,
1366 1458 1497 1536 radice
1538 1462 1778 1554 stolonilern,

236 1589 372 1666 colore
403 1582 528 1687 magis
560 1582 702 1687 glauco
733 1598 772 1662 et
804 1587 924 1663 arista
958 1586 1183 1662 abbreviata
1219 1586 1377 1688 insigni,
1420 1600 1458 1662 et
1492 1613 1565 1689 pro
1601 1586 1776 1689 Alopec-

240 1742 313 1793 uro
348 1711 542 1815 pratensi,
592 1712 718 1811 qualis
751 1712 789 1790 in
824 1713 961 1791 Roscia
996 1714 1235 1791 orientaliori
1270 1739 1477 1791 occurrere
1501 1717 1618 1808 solet,
1669 1715 1779 1815 quasi
1887 1704 1896 1717 ’

237 1838 534 1947 prototypicae,
564 1841 738 1918 tabulam
771 1842 972 1943 propriam
1006 1844 1311 1919 consecrandam
1347 1867 1432 1918 esse
1467 1844 1776 1921 existimavimus.

241 1974 367 2074 Hujus
404 1971 487 2071 stq.
537 1977 552 2045 l
601 1974 639 2044 et
683 1977 707 2046 2
755 1971 929 2072 ejusdem
969 1971 1149 2046 exhibent
1198 1974 1386 2048 locustam
1428 1983 1466 2046 et
1507 1971 1777 2070 perianthium.

242 2102 328 2198 th.
365 2105 390 2175 3
433 2112 561 2174 autem
598 2095 791 2174 locustam
833 2097 933 2176 sistit
968 2099 1163 2175 varietatis
1199 2099 1311 2191 alius,
1364 2098 1401 2172 in
1440 2099 1637 2175 Lusitania
1672 2098 1779 2175 habi·

243 2227 379 2320 tantis,
431 2229 565 2324 thyrso
596 2236 639 2300 ut
671 2223 708 2301 in
744 2226 877 2327 planta
915 2226 1130 2302 Caucasica
1163 2225 1493 2324 compactissimo‚
1542 2228 1777 2322 abbreviato,

240 2360 404 2451 obtuso,
440 2355 559 2433 arista
592 2364 720 2433 autem
751 2355 991 2456 praelonga,
1027 2367 1066 2431 et
1098 2354 1316 2454 periantlrio
1353 2353 1503 2454 oblique
1537 2369 1729 2434 truncato.
