4072 6284
395 610 680 690 rruusruos
714 611 936 690 rumulo
978 615 1091 692 ror.
1133 580 1602 695 colonomon.

420 758 669 860 Torrrcuro
703 804 1001 858 orimnorum
1045 783 1130 880 Spr.
1163 783 1202 857 S.
1239 784 1285 860 V.
1320 784 1354 861 J.
1384 809 1424 884 p.
1463 787 1570 865 326.

361 1158 450 1236 Hoc
482 1182 665 1263 gramen,
698 1163 749 1238 ob
782 1157 874 1237 folio
908 1156 1149 1259 angustiora,
1190 1183 1370 1236 racemos
1392 1160 1594 1238 breviores
1631 1159 1766 1252 (inter-

235 1288 323 1364 dum
356 1287 627 1382 brevissimos)
675 1301 715 1365 et
746 1287 984 1379 crassiores,
1033 1310 1176 1384 eosque
1212 1299 1251 1363 ut
1284 1287 1486 1386 plurimum
1528 1288 1638 1366 binos
1678 1312 1766 1364 cum

234 1415 344 1492 lertio
378 1417 624 1512 abbreviato,
659 1419 707 1492 ob
741 1416 909 1517 spiculus
941 1413 1057 1514 poulo
1092 1417 1276 1516 majores,
1311 1414 1490 1492 flosculos
1525 1415 1765 1494 obtusiuscu·

232 1543 288 1620 los
330 1556 369 1621 et
410 1545 459 1619 ud
500 1544 656 1620 carinae
690 1543 840 1646 apicem
880 1541 1133 1620 subcristalos
1179 1584 1230 1600 -
1284 1541 1409 1644 primo
1442 1543 1577 1620 intuitu
1612 1540 1763 1618 habitus

235 1672 282 1746 ob
313 1671 494 1748 Eleusine
527 1671 654 1747 indica
689 1672 821 1767 alieni,
873 1694 960 1746 eam
990 1669 1116 1770 ipsam
1158 1675 1208 1748 ob
1249 1694 1407 1748 oausam
1449 1670 1603 1772 dignum
1638 1669 1764 1746 existi·

232 1799 353 1891 movi,
402 1801 502 1896 quod
535 1800 697 1877 seorsim
731 1801 1001 1879 delinearetur.
1067 1797 1192 1875 Radix
1223 1798 1276 1873 illi
1309 1798 1478 1898 perinde
1519 1822 1645 1873 annua
1687 1813 1766 1890 est;

233 1924 344 2027 ligula
377 1927 690 2006 membranaceo.

646 2240 648 2244 '
749 2238 1288 2264 w

358 2473 548 2551 Prouro
591 2497 647 2549 ru
690 2492 927 2547 srucruru
972 2469 1262 2550 nolimu
1296 2496 1635 2550 Mormrouocr.

341 2684 376 2768 r)
400 2685 547 2776 Spicula.
592 2687 627 2770 o)
649 2683 770 2754 Glumo
793 2681 945 2750 inferior.
997 2681 1035 2766 3)
1067 2682 1188 2750 Glumo
1212 2688 1376 2773 superior.
1421 2685 1461 2770 4)
1483 2684 1668 2753 Perianlhii
1694 2681 1764 2747 vol·

234 2776 305 2842 vulo
328 2776 480 2842 inferior.
531 2774 567 2860 ὅ)
589 2774 734 2843 Volvulu
755 2771 921 2860 superior.
966 2771 1002 2857 6)
1027 2770 1187 2836 Oratium
1217 2773 1329 2861 (cujus
1353 2775 1578 2865 pericarpium
1601 2775 1668 2864 jam
1693 2773 1764 2838 lon·

233 2865 457 2951 gilodinulilor
479 2861 640 2956 plicolur)
658 2884 735 2931 cum
759 2860 908 2928 lodicula
933 2867 1138 2926 truncatur
1162 2860 1376 2931 denticulata.
