4094 6292
325 788 824 875 ALOPECURUS
872 789 1270 912 (COLOBACHNE)
1315 799 1661 890 PALLASII

723 962 840 1040 Turn.
869 964 901 1040 F
904 988 996 1041 unu.
1029 994 1115 1043 acu.
1132 994 1166 1045 r.
1186 970 1254 1073 59.

354 1184 622 1263 Coroneum
649 1206 848 1259 raumara
877 1179 1040 1260 Beauv.
1071 1222 1123 1239 -
1153 1182 1203 1262 Ii.
1235 1200 1278 1263 ct
1307 1184 1345 1264 S.
1376 1189 1441 1264 ΙΙ.
1469 1217 1512 1293 p.
1543 1192 1645 1293 374.

216 1448 398 1529 Ram
426 1453 643 1556 perennis:
675 1474 698 1524 e
727 1446 948 1526 rlrizomate
965 1443 1178 1543 nodulos0,
1211 1446 1415 1528 interdurn
1436 1452 1501 1549 (ut
1531 1456 1573 1531 in
1604 1452 1763 1537 tabulae

335 1588 497 1647 nostrae
528 1568 653 1672 ligura
683 1562 840 1677 majori)
872 1564 1142 1644 descendente
1175 1584 1215 1645 et
1260 1585 1502 1667 transverso,
1549 1571 1672 1651 librae
1701 1582 1762 1657 ni·

335 1718 441 1795 grae,
473 1688 709 1766 rarnulosae.

218 1856 293 1935 Cu
306 1882 330 1929 L
343 1882 375 1930 ur
390 1880 447 1931 us
477 1854 750 1961 spitlrarnaeus
768 1870 810 1933 et
823 1856 958 1933 minor
975 1874 1044 1935 aut
1059 1854 1213 1963 pedalis
1234 1873 1275 1933 et
1296 1855 1424 1953 altior,
1447 1875 1616 1956 erectus,
1639 1888 1763 1967 quam

334 1974 511 2081 inrllop.
532 1971 674 2051 Colob·
694 1972 868 2051 Gerardi
896 1976 1098 2075 gracilior,
1132 1976 1523 2082 cornpressiusculus,
1555 2004 1677 2087 saepe
1706 1980 1762 2057 le-

334 2100 436 2172 viter
466 2109 686 2187 contortus,
720 2091 868 2197 glaber,
908 2092 1213 2189 biarticulatus,
1248 2120 1400 2200 aequus
1431 2113 1500 2173 aut
1530 2096 1582 2174 ad
1614 2104 1762 2176 articu-

334 2212 418 2290 lum
450 2214 620 2290 alterurn
648 2210 783 2317 paullo
815 2211 1075 2317 geniculatus,
1096 2211 1148 2289 ad
1178 2211 1359 2291 nretlirun
1391 2239 1519 2319 usque
1539 2221 1758 2321 vaginatus,

211 2378 278 2459 Va
318 2406 471 2457 eruar,
501 2383 694 2473 striatae,
727 2374 900 2481 glabrae,
936 2404 1020 2455 nou
1052 2376 1104 2456 ad
1135 2376 1250 2457 basin
1268 2406 1397 2485 usque
1428 2377 1543 2457 fissae
1561 2438 1585 2483 ,U
1616 2410 1639 2459 a
1674 2378 1761 2463 basi

334 2505 486 2575 sensim
513 2498 697 2593 laxiores,
715 2522 887 2602 superne
918 2494 1103 2574 inllatae:
1122 2498 1288 2575 inferior
1317 2504 1360 2575 in
1389 2496 1668 2577 humilioribus
1699 2506 1759 2578 in-

335 2614 566 2693 ternodium
595 2631 666 2691 aut
695 2639 874 2720 aequans
904 2632 974 2692 aut
1003 2641 1053 2692 eo
1086 2614 1270 2721 longior,
1302 2622 1345 2694 in
1375 2614 1581 2693 altioribus
1613 2618 1761 2697 eodem

335 2730 469 2844 (saepe
500 2730 634 2845 longe)
667 2731 833 2812 brevior.
895 2732 1107 2811 Lrouua
1142 2731 1295 2829 brevis,
1326 2731 1497 2830 obtusa,
1529 2736 1696 2814 inclusa.

212 2905 282 2981 Fo
300 2930 388 2979 tra
420 2898 694 2993 erectiuscula,
714 2895 850 3003 glabra
866 2926 874 2974 :
893 2893 1207 2997 fasciculorum
1235 2894 1288 2977 ad
1304 2896 1427 2975 culmi
1456 2896 1572 2977 basin
1603 2901 1759 2981 confer·

333 3027 488 3100 tissima
519 3038 561 3097 et
589 3022 743 3123 vaginis
773 3015 914 3093 laceris
945 3033 1054 3093 arcte
1085 3032 1206 3111 tecta,
1226 3021 1519 3121 angustissima,
1554 3046 1758 3126 compres-

334 3166 406 3236 sa,
439 3136 618 3243 digitalia
648 3153 688 3214 et
717 3134 912 3239 longiora,
945 3158 1068 3241 saepe
1098 3138 1289 3227 incruua3
1329 3132 1496 3211 culmea
1512 3133 1756 3236 brevissima,

333 3256 584 3337 lanceolata:
616 3250 779 3333 inferius
809 3252 935 3329 lineas
969 3256 1072 3348 5-4
1103 3252 1281 3361 longum,
1321 3250 1470 3329 lineam
1499 3252 1638 3350 latum,
1661 3284 1757 3335 acu·

332 3376 575 3468 tiuscul1nn3
592 3377 774 3481 superius
792 3370 1032 3479 plerumque
1062 3370 1183 3479 plane
1212 3368 1368 3449 nullum
1398 3388 1469 3448 aut
1497 3398 1637 3453 mucro
1670 3391 1758 3455 tan·

333 3514 421 3575 turn
451 3499 628 3600 vaginae.

213 3664 253 3739 T
268 3684 468 3739 narsus
500 3675 640 3736 ovatus
655 3674 725 3736 aut
740 3652 943 3735 interdum
972 3650 1223 3752 rotundatuS,
1241 3683 1374 3763 ungue
1403 3656 1538 3763 paullo
1568 3677 1638 3737 aru
1668 3658 1759 3741 bre-

333 3786 421 3858 vior
451 3796 521 3857 aut
551 3778 721 3884 longior,
742 3774 902 3873 densus,
938 3802 961 3851 e
991 3802 1194 3884 purpureo
1226 3774 1328 3854 ssavo
1360 3791 1401 3856 et
1432 3774 1658 3856 viridi-albo
1688 3808 1757 3859 va·

333 3924 426 3977 rurs.

213 4068 288 4147 Ax
302 4090 345 4142 rs
377 4063 667 4159 teretiuscutue,
699 4062 937 4171 pubescens,
969 4080 1099 4143 tectus
1130 4058 1265 4141 radiis
1293 4062 1548 4157 brevissimis,
1580 4061 1756 4148 subdivi-

333 4191 387 4262 sis
436 4189 478 4260 in
523 4181 743 4287 pedicellos
786 4182 1024 4291 plerumque
1056 4180 1184 4279 binos,
1219 4180 1482 4279 clavifounes,
1518 4191 1756 4289 praesertim

333 4308 447 4412 apice
477 4301 682 4409 pilosulos.
816 4290 821 4311 '

213 4474 497 4553 Locusrau
526 4468 752 4575 oblongae,
785 4493 1067 4576 compressae,
1098 4467 1224 4546 lineas
1257 4492 1281 4544 a
1313 4465 1471 4570 longae.

214 4639 257 4717 G
271 4667 294 4713 u
309 4662 336 4712 u
348 4664 380 4714 u
395 4664 415 4709 r
430 4664 454 4711 rr
481 4632 826 4728 membranaceae,
858 4634 1068 4735 oblongae,
1101 4634 1301 4742 aequales,
1320 4632 1439 4711 dorso
1457 4639 1653 4743 apiceque
1669 4640 1752 4746 ple·

333 4783 503 4863 rumque
533 4772 880 4863 purpurascentes,
909 4753 1089 4861 undique
1139 4754 1487 4831 lrirsuto-sericeae
1518 4756 1608 4861 pilis
1640 4757 1751 4853 alus,

334 4879 574 4953 trinerriac:
600 4880 731 4956 nervis
762 4872 1056 4957 confluentibus
1090 4880 1135 4954 iu
1164 4871 1349 4952 subulanr
1380 4869 1552 4972 brevenr,
1575 4874 1754 4956 albo-lla·

333 5010 505 5073 ventem.
