4072 6284
631 604 1005 688 DANTHONIA
1048 609 1384 691 TORTUOSA.

242 977 399 1060 Rubra
431 1004 456 1061 c
486 980 637 1061 nodulis
666 984 810 1063 baseos
842 981 957 1062 culmi
989 986 1111 1064 librae
1143 988 1298 1087 lirmae,
1345 987 1561 1090 flexuosae,
1602 994 1775 1073 ramulo*

368 1132 458 1206 sac,
497 1109 775 1214 nigrescentes.

152 1368 160 1374 ,
241 1280 439 1359 Curuus
469 1279 668 1380 aeaqui-
688 1279 946 1379 tat-pedam,
1003 1285 1266 1383 adscendens,
1316 1283 1401 1362 basi
1434 1284 1774 1386 nigro-squama·

368 1422 432 1486 tua
481 1421 520 1489 et
561 1406 1040 1510 imbricato-vaginatus,
1095 1413 1210 1490 nodis
1255 1422 1279 1492 d
1323 1412 1580 1508 brevissimis,
1635 1416 1771 1511 tenuis,

367 1536 524 1638 gracilis
555 1537 619 1613 vel
650 1536 786 1614 leviter
818 1537 1076 1636 geniculatus,
1112 1552 1248 1642 teres,
1273 1541 1409 1642 glaber
1442 1553 1481 1616 et
1504 1539 1666 1636 nitidus3
1698 1546 1768 1620 sub

363 1665 544 1766 panicula
577 1665 681 1741 baud
714 1666 828 1765 longe
859 1666 1006 1762 nudus,
1039 1668 1320 1769 asperiuseulus
1354 1680 1394 1745 et
1427 1669 1662 1746 lascescens.

238 1837 456 1915 vacrum
490 1833 539 1908 ad
572 1833 684 1909 basin
715 1856 835 1931 usque
868 1834 1002 1928 fissae,
1036 1836 1169 1928 laxae,
1201 1836 1419 1926 striatulae,
1453 1836 1642 1936 glabrae:
1675 1837 1772 1915 iule-

361 1962 489 2039 riorcs
508 1963 709 2038 confertae
734 1960 961 2037 internodiis
976 1961 1168 2063 longiores
1185 1990 1196 2056 ;
1230 1963 1451 2063 superiores
1468 1963 1609 2062 longae
1635 1965 1773 2040 eadem

360 2089 419 2190 pl.
452 2087 544 2167 min.
580 2100 802 2188 aequantes.
867 2088 1060 2164 Lrsuua
1090 2091 1215 2166 barba
1242 2090 1366 2166 densa
1389 2089 1555 2190 pilorum
1583 2089 1771 2167 brevium.

236 2258 379 2337 Poura
413 2256 819 2354 biformi-involuta,
875 2258 1117 2359 spithamaea
1159 2260 1184 2334 l.
1228 2262 1471 2338 dodrantalia
1506 2274 1546 2338 et
1578 2264 1771 2364 longiora,

364 2389 522 2489 glabra,
556 2389 729 2490 margine
763 2385 1049 2483 asperiuscula,
1089 2386 1200 2463 varie
1230 2393 1356 2482 fiexa,
1400 2392 1552 2466 demum
1588 2407 1772 2467 arcuato·

359 2528 467 2592 torta
499 2530 539 2592 et
572 2516 754 2595 inferiora
785 2514 1044 2614 complicata,
1093 2538 1316 2613 supremum
1351 2518 1511 2616 aequius
1552 2517 1773 2618 paniculum

365 2665 551 2742 aequans.

232 2808 482 2890 Panaenus
510 2808 848 2910 sesquipalmaris,
880 2812 1068 2913 patulaet
1085 2809 1272 2908 lucidula,
1301 2825 1457 2906 erecta,
1488 2814 1602 2915 paulo
1618 2823 1774 2909 nutans,

363 2963 387 3017 c
420 2938 605 3038 spadiceo
640 2953 679 3016 ct
711 2940 820 3017 lusco
852 2939 976 3015 varia.

233 3109 349 3184 lars
385 3102 530 3199 tenuis,
564 3106 956 3206 compressiusculus,
991 3131 1129 3208 asper,
1163 3107 1378 3204 flexuosus,
1431 3117 1521 3185 8·-
1544 3117 1776 3204 lupaces.

363 3233 511 3308 Ranrr
544 3232 661 3329 terni,
693 3234 792 3330 bini,
836 3235 919 3311 basi
953 3236 1102 3329 callosi,
1136 3262 1228 3312 mox
1262 3261 1381 3336 supra
1413 3236 1524 3313 basin
1559 3251 1624 3310 aut
1657 3235 1770 3312 altius

361 3359 490 3454 divisi,
524 3384 612 3435 cum
644 3362 801 3439 ramulis
836 3361 1081 3440 tricbotomia
1115 3364 1437 3461 subcapillaribus
1471 3378 1510 3439 et
1543 3364 1770 3440 suscescen·

363 3488 465 3565 tibus
499 3486 649 3586 hispidi.
715 3489 979 3565 Prnrcnnsr
1020 3489 1132 3589 apice
1169 3490 1392 3569 crassiores.

236 3666 471 3742 acrensis
505 3643 981 3757 elliptico·lanceolatae,
1023 3661 1418 3761 compressiusculae,
1461 3683 1537 3735 non
1572 3667 1770 3758 computa·

363 3786 412 3862 tis
446 3785 571 3864 aristis
610 3785 867 3877 s·lineatea‚
920 3787 1092 3864 biflorae.

238 3967 436 4043 esum
470 3962 813 4053 membranaceae,
874 3959 1134 4054 lanceolatae,
1183 3958 1446 4050 acuminatas,
1498 3977 1696 4061 concavae
1729 3965 1771 4029 et

362 4091 481 4166 dorso
506 4086 619 4186 paulo
636 4085 813 4181 inflatae,
847 4088 1025 4187 glabrae,
1062 4089 1110 4161 ad
1135 4087 1306 4162 carinam
1333 4095 1628 4185 percurrentem
1651 4079 1769 4178 hispi-

361 4217 454 4308 dae,
487 4213 664 4312 utrinque
692 4215 742 4288 ad
768 4213 925 4288 carinae
951 4213 1073 4288 latera
1095 4213 1222 4289 nervis
1252 4212 1374 4288 tribus
1399 4207 1629 4286 tenuissimis
1654 4209 1769 4281 obso-

364 4346 438 4421 lcte
472 4356 648 4436 notatae,
688 4341 892 4438 aequales,
925 4339 1093 4416 flosculis
1128 4354 1305 4436 quartam
1339 4349 1493 4438 partem
1525 4331 1736 4434 longiores.

234 4517 473 4590 Proteum
520 4508 911 4609 ellipsim-lineares,
961 4509 1176 4602 chartacei,
1226 4506 1372 4582 albidi:
1430 4501 1588 4575 inferior
1629 4500 1767 4575 callulo

297 4617 300 4622 ’
362 4637 565 4714 rotundato
589 4637 672 4712 basi
697 4638 816 4728 nud0,
858 4660 1023 4734 superne
1044 4634 1372 4722 brevi-villoso·‚
1406 4628 1581 4727 superior
1604 4629 1768 4702 racbeos

364 4765 524 4842 articulo
562 4745 786 4840 brevissimo
821 4764 1002 4838 insidens.
1078 4763 1253 4835 Valvula
1288 4757 1464 4855 inferior
1496 4753 1684 4854 elliptica,
1718 4754 1769 4826 ad

363 4917 502 4970 nervos
552 4892 875 4991 longitudinaliter
927 4889 1193 4982 brevivillosa,
1262 4882 1559 4963 novemnervis:
1640 4878 1771 4958 nervis
